2276 3538
171 129 218 174 ιιι
486 121 669 171 Ἡνοαοτοτ
907 120 967 185 [v1.

171 203 244 261 αἴτεε
259 201 356 262 ἑκατόν
368 200 501 270 τάλαντα,
516 200 580 276 φάς,
594 200 629 275 ἢν
642 200 683 277 μή
697 204 724 260 οῖ
736 201 814 272 δῶσι,
828 200 878 260 οὐκ
899 200 968 261 ἀπα-

171 289 323 365 ναστήσειν
339 289 390 366 τὴν
411 289 546 366 στρατιήν
566 291 631 366 πρὶν
644 287 662 364 ἢ
677 289 759 366 ἐξέλῃ
777 289 878 363 σφέας·
899 293 926 348 οἱ
940 290 970 348 δέ

172 377 274 454 Πάριοι
300 377 369 440 ὅκως
392 379 442 452 μέν
467 404 494 436 τι
521 375 645 436 δαίσουσι
669 375 811 454 Μιλτιάδῃ
838 375 970 457 ἀργυρίου

172 465 234 524 οὐδὲ
248 465 408 525 διενοεῦντο·
431 469 457 524 οἶ
470 465 500 523 δὲ
516 463 584 526 ὅκως
601 463 807 540 διαφυλάξουσι
820 462 873 539 τήν
886 465 971 548 πόλιν

158 539 253 613 ’τοῦτο
275 557 460 632 ἐμηχανῶντο,
482 551 559 611 ἄλλα
580 577 611 610 τε
632 550 849 629 ἐπιφραζόμενοι
870 553 916 611 καὶ
934 557 970 631 τῇ

170 639 299 718 μάλιστα
313 643 377 701 ἐσκε
391 640 524 700 ἑκάστοτε
538 640 675 718 ἐπίμαχον
694 643 744 698 τοῦ
760 640 873 717 τείχεος,
887 643 970 700 τοῦτο

126 729 183 788 134
192 728 250 806 ἅμα
264 729 340 789 νυκτὶ
354 728 467 806 ἐξήρετο
481 725 632 802 διπλήσιον
645 731 695 788 τοῦ
708 726 836 805 ἀρχαίου.
865 725 971 804 Ἐςμέν

172 816 206 891 δή
227 821 348 876 τοσοῦτο
368 820 417 876 τοῦ
438 815 526 896 λόγου
541 818 568 874 οἱ
581 815 682 878 πάντες
690 815 829 891 Ἕλληνες
841 815 969 896 λέγουσι·

172 902 205 962 τό
222 904 345 963 ἐνθεῦτεν
360 903 390 962 δέ
404 895 482 962 αὐτοὶ
496 901 599 978 Πάριοι
618 903 749 984 γενέσθαι
770 900 821 962 ὧδε
841 903 969 983 λέγουσι·

172 990 315 1069 Μιλτιάδῃ
337 991 483 1068 ἀπορέοντι
505 991 596 1050 ἐλθεῖν
619 997 646 1053 ἐς
666 990 768 1072 λόγους
791 991 970 1072 αἰχμάλωτον

171 1082 296 1158 γυναῖκα,
320 1084 422 1138 ἐοῦσαν
445 1082 496 1156 μὲν
519 1079 629 1156 Παρίην
650 1079 737 1159 γένος,
762 1077 866 1154 ούνομα
890 1078 921 1137 δέ
943 1083 970 1138 οἱ

173 1165 242 1225 εἶναι
252 1170 366 1242 Τιμοῦν·
388 1167 457 1226 εἶναι
467 1167 496 1226 δέ
508 1165 680 1242 ύποζάκορον
692 1170 747 1225 τοῖν
759 1166 877 1244 χθονίων
890 1167 969 1225 θεῶν·

171 1253 274 1331 ταύτην
293 1255 322 1314 δὲ
341 1257 481 1316 ἐλθοῦσαν
494 1260 521 1318 ἐς
535 1255 600 1332 ὄψιν
613 1252 773 1313 Μιλτιάδεω
792 1255 970 1329 συμβουλεῦ-

173 1343 226 1402 σαί
237 1346 271 1413 οἶ,
287 1348 310 1402 εἶ
323 1345 387 1421 περὶ
400 1347 511 1402 πολλοῦ
529 1343 652 1401 ποιέεται
666 1340 764 1416 Πάρον
783 1343 863 1409 ἑλεῖν,
882 1339 918 1398 τά
936 1339 969 1400 ἂν

173 1430 244 1505 αὐτή
257 1430 396 1506 ὖποθῆται
409 1434 496 1490 ταῦτα
510 1430 621 1489 ποιέειν·
641 1428 713 1506 μετά
727 1428 764 1498 δὲ,
774 1427 826 1502 τήν
838 1429 890 1504 μὲν
902 1426 968 1486 ύπο-

174 1519 282 1587 θέσθαι,
296 1519 345 1578 τόν
358 1519 388 1576 δὲ
402 1517 569 1592 ἀπικόμενον
582 1518 628 1575 ἐπὶ
640 1515 691 1576 τόν
705 1515 826 1575 κολωνόν
845 1514 895 1574 τόν
913 1515 969 1592 πρό

173 1609 223 1680 τῆς
244 1605 344 1668 πόλιος
365 1604 445 1664 ἐόντα
468 1604 500 1664 τό
521 1605 598 1680 ἐρκος
618 1601 799 1680 θεσμοφόρου
820 1601 969 1679 Δήμητρος

175 1691 359 1768 ὑπερθορέειν,
374 1691 406 1752 ού
427 1692 575 1769 δυνάμενον
590 1692 640 1756 τάς
655 1691 738 1768 θύρας
751 1690 867 1760 ἀνοῖξαι·
887 1689 969 1768 ὕπερ-

175 1779 293 1856 θορόντα
306 1781 336 1840 δέ
350 1782 417 1841 ἰέναι
432 1782 476 1840 ἐπὶ
489 1780 522 1840 τό
536 1781 659 1862 μέγαρον
677 1779 693 1840 ὅ
712 1806 740 1840 τι
759 1778 792 1854 δή
813 1777 970 1854 ποιήσοντα

174 1867 258 1938 ἐντός,
273 1869 327 1928 εἴτε
347 1868 496 1944 κινήσοντά
515 1895 543 1929 τι
563 1873 617 1929 τῶν
637 1867 771 1943 ἀκινήτων
784 1867 838 1925 εἶτε
851 1866 867 1925 ὅ
879 1892 907 1924 τι
921 1865 966 1940 δή·

173 1982 242 2015 ποτε
257 1956 406 2033 πρήξοντα·
427 1956 498 2033 πρός
515 1961 583 2036 τῇσι
598 1955 701 2035 θύρῃσί
718 1981 749 2014 τε
768 1954 907 2036 γενέσθαι,
922 1954 967 2012 καὶ

173 2043 294 2119 πρόκατε
307 2045 407 2122 φρίκης
420 2045 504 2105 αὐτόν
517 2044 702 2120 ύπελθούσης,
713 2043 804 2103 ὀπίσω
817 2041 868 2118 τήν
881 2040 968 2115 αὐτὴν

173 2131 238 2192 ὁδόν
260 2132 360 2194 ἵεσθαι·
389 2133 621 2209 καταθρώσκοντα
641 2131 671 2190 δέ
692 2131 744 2206 τήν
762 2129 896 2206 αἱμασιὴν
917 2127 967 2189 τόν

172 2220 261 2296 μηρόν
274 2222 448 2295 σπασθῆναι·
470 2223 496 2279 οἱ
510 2221 539 2278 δὲ
553 2219 636 2279 αὐτόν
648 2218 681 2278 τό
694 2219 762 2299 γόνυ
773 2220 967 2294 προσπταῖσαι

128 2308 183 2366 135
195 2309 322 2388 λέγουσι.
363 2308 522 2383 Μιλτιάδης
538 2309 590 2383 μέν
611 2333 659 2366 νυν
678 2305 809 2382 φλαύρως
827 2307 896 2382 ἔχων
915 2303 967 2364 ἀπ-

174 2394 256 2453 έπλεε
276 2394 375 2464 ὀπίσω,
390 2393 453 2454 οὔτε
470 2394 603 2473 χρήματα
620 2393 794 2469 Ἀθηναίοισι
814 2392 888 2474 α”γων
906 2392 969 2452 οὔτε

174 2480 273 2558 Πάρον
295 2481 552 2559 προσκτησάμενος,
576 2481 653 2542 ἀλλά
675 2479 868 2557 πολιορκήσας
888 2506 919 2540 τε
941 2481 972 2550 ἐξ

90 2625 96 2630 .
174 2568 220 2626 καὶ
239 2569 329 2626 εἴκοσι
345 2568 449 2645 ημέρας
467 2569 512 2627 καὶ
531 2569 651 2644 δηῖάσας
663 2569 714 2644 τήν
728 2572 825 2644 νῆσον.
867 2567 971 2644 Πάριοι

174 2648 204 2713 δέ
223 2654 374 2731 πυθόμενοι
393 2656 428 2720 ὦς
440 2657 459 2732 ἦ
473 2656 643 2732 ύποζάκορος
655 2660 710 2716 τῶν
724 2656 793 2716 θεῶν
807 2654 884 2731 Τιμοδ
897 2659 972 2713 Μιλ-

173 2741 253 2820 τιάδῃ
282 2743 470 2824 κατηγήσατο,
498 2743 671 2820 βουλόμενοι’
697 2769 746 2820 μιν
777 2742 839 2823 ἀντὶ
869 2742 973 2802 τούτων

173 2829 396 2907 τιμωρήσασθαι,
420 2831 591 2908 θεοπρόπους
612 2831 756 2907 πέμπουσι
781 2835 808 2893 ἐς
830 2829 972 2906 Δελφούς,

175 2916 210 2980 ὥς
230 2925 322 2994 σφεας
341 2918 447 2998 ήσυχίη
461 2923 510 2994 τῆς
523 2919 686 2995 πολιορκίης
700 2920 776 2996 ἔσχε·
799 2919 922 2994 ἐπεμπον
942 2918 973 2977 δὲ

175 3007 407 3083 ἐπειρησομένους
432 3010 456 3064 εἰ
479 3004 702 3083 καταχρήσονται
725 3005 776 3080 τήν
801 3005 973 3083 ὑποζάκορον

173 3097 228 3152 τῶν
259 3095 329 3154 θεῶν
359 3092 394 3155 ὥς
423 3093 634 3172 ἐξηγησαμένην
663 3097 739 3151 τοῖσι
769 3094 897 3170 ἐχθροῖσι
923 3097 973 3168 τῆς

175 3181 307 3256 πατρίδος
328 3179 445 3247 ἅλωσιν,
468 3179 513 3236 καὶ
534 3177 570 3236 τά
592 3183 618 3239 ἐς
641 3179 740 3252 ἐρσενα
762 3179 846 3259 γόνον
866 3179 973 3257 α”ρρητα

176 3265 222 3341 ἱρά
236 3265 399 3340 ἐκφήνασαν
410 3264 562 3339 Μιλτιάδῃ·
583 3263 601 3334 η’
615 3265 644 3322 δὲ
655 3266 748 3340 Πυθίη
762 3264 812 3324 οὐκ
826 3267 864 3340 ἐα,
880 3271 973 3339 φᾶσα,
