2278 3538
201 135 248 184 218
506 129 692 180 ,ἨΡΟΔΟΤΟῪ
918 126 996 190 [VII.

150 208 250 270 237τδ
270 205 376 284 παρεών
395 211 492 284 τρῶμα
510 206 672 268 άνιεῦνται.”
713 205 879 284 ’Λμείβεται
892 208 998 284 Ξέρξης

198 296 302 358 τοῖσδε·
328 305 345 330 “
353 294 524 373 Ἀχαίμενες,
539 295 568 352 εὗ
589 297 621 354 τέ
639 322 689 372 μοι
709 295 813 358 δοκέεις
828 296 930 375 λέγειν,
952 298 999 356 καὶ

198 385 308 460 ποιήσω
326 387 421 444 ταῦτα.
466 383 632 459 Δημάρητος
645 384 674 442 δὲ
688 384 765 463 λέγει
783 386 834 459 μὲν
846 383 882 442 τοὶ
895 383 997 459 ιῖριστα

200 473 314 534 ἔλπεται
331 470 485 549 εἷναιέμοὶ,
499 471 595 551 γνώμῃ
611 473 706 548 μέντοι
720 476 854 532 ἑσσοῦται
868 471 922 531 ῦπὸ
935 477 997 531 σεῦ·

199 561 232 620 οὖ
245 561 300 642 γάρ
315 560 349 637 δή
363 559 437 620 κεῖνό
448 584 482 639 γε
496 559 646 636 ἐνδέξομαι,
661 559 730 622 ὅκως
744 559 793 620 οὐκ
808 558 909 620 εὐνοέει
922 563 998 620 τοῖσι

199 654 294 726 ἐμοῖσι
311 649 468 728 πρήγμασι,
481 649 560 708 τοῖσί
575 674 606 706 τε
622 648 802 727 λεγομένοισι
819 647 955 725 πρότερον
968 651 998 707 ἐκ

198 738 298 798 τούτου
314 734 523 812 σταθμώμενος,
536 736 633 814 καὶτῷ
647 735 727 804 ἐόντι,
742 735 785 795 ὅτι
798 735 935 812 πολιήτης
947 739 998 812 μέν

199 824 321 903 πολιήτῃ
331 823 360 884 εὖ
370 823 530 901 πρήσσοντι
544 824 665 900 φθονέει,
679 825 725 882 καὶ
739 824 800 882 ἔστι
813 823 952 900 δυσμενής
961 828 998 904 τῇ

199 916 278 992 σιγῇ·
293 910 349 972 οὐδ’
363 908 405 981 ἂν,
416 913 683 988 συμβουλευομένου
692 914 742 972 τοῦ
753 910 851 982 α’στοΰ,
862 911 984 987 πολιήτη

198 999 268 1078 οἷνήρ
286 1001 322 1061 τὰ
337 999 439 1078 ἄριστά
458 1004 484 1060 οἱ
505 1001 636 1060 δοκέοντα
652 1001 721 1062 εἶναι
737 999 894 1071 ώποθέοιτο,
914 1005 938 1060 εί
956 1002 998 1077 μή

198 1090 296 1166 πρόσω
316 1088 415 1167 α’ρετῆς
435 1087 541 1164 ἀνήκοι·
563 1089 675 1150 σπάνιοι
698 1088 720 1149 δ’
742 1090 798 1148 εἰσὶ
818 1092 845 1148 οἱ
864 1092 996 1148 τοιοῦτοι·

198 1177 287 1247 ξεῖνος
313 1178 343 1238 δὲ
370 1178 447 1258 ξείνῳ
469 1176 498 1236 εὖ
519 1178 683 1255 πρήσσοντί
707 1183 769 1238 ἐστι
797 1176 998 1254 εὐμενέστατον

198 1267 316 1337 πάντων,
335 1267 602 1344 συμβουλευομένου
616 1292 647 1327 τε
665 1265 699 1326 ἂν
718 1257 943 1342 συμβουλεύσειε
961 1265 997 1326 τά

198 1355 310 1431 ι’ίριστα·
328 1354 399 1414 οὕτω
413 1353 450 1414 ῶν
464 1356 631 1435 κακολογίης
640 1355 705 1431 πέρι
716 1357 768 1431 τῆς
781 1359 808 1416 ἐς
818 1353 996 1430 Δημάρητον,

199 1443 291 1508 ἐόντος
304 1443 366 1519 ἐμοὶ
380 1443 476 1512 ξείνου,
492 1443 610 1521 ἔχεσθαί
619 1469 681 1504 τινα
690 1447 741 1502 τοῦ
754 1446 858 1502 λοιποῦ
871 1441 998 1502 neman?

150 1533 209 1590 238
250 1535 344 1590 Ταῦτα
361 1531 438 1594 εἴπας
455 1530 561 1606 Ξέρξης
575 1531 675 1608 διεξήῖε
694 1530 739 1592 διά
751 1535 807 1591 τῶν
819 1535 929 1608 νεκρῶν·
951 1532 998 1590 καὶ

197 1620 345 1688 Λεωνίδεω,
359 1618 483 1694 ἀκηκοώς
496 1618 539 1678 ὅτι
547 1619 687 1696 βασιλεύς
698 1645 729 1679 τε
742 1619 831 1696 ἦνκαὶ
840 1619 999 1700 στρατηγός

197 1707 429 1783 Λακεδαιμονίων,
444 1707 574 1766 ἐκέλευσε
593 1706 787 1786 ἀποταμόντας
804 1707 855 1783 τήν
869 1706 998 1783 κεφαλήν

197 1793 422 1870 ἀνασταυρῶσαι.
444 1793 518 1870 δῆλά
530 1821 580 1872 μοι
595 1800 734 1856 πολλοῖσι
750 1798 801 1873 μὲν
818 1796 864 1854 καὶ
880 1794 997 1855 άλλοισι

197 1883 381 1960 τεκμηρίοισι,
396 1886 425 1942 ἐν
438 1882 468 1942 δέ
481 1881 516 1958 δή
525 1884 571 1942 καὶ
584 1884 652 1962 τῷδε
665 1883 715 1943 οὐκ
723 1883 826 1960 ἥκιστα
837 1884 943 1964 γέγονε,
954 1882 997 1944 ὅτι

195 1970 338 2049 βασιλεύς
346 1970 452 2048 Ξέρξης
459 1970 610 2048 πάντωνδή
620 1971 749 2048 μάλιστα
756 1971 861 2049 ἀνδρῶν
870 1971 998 2048 ἐθυμώθη

198 2058 294 2130 ζώοντι
307 2059 439 2138 Λεωνίδη·
461 2058 493 2119 οὐ
506 2060 562 2142 γάρ
576 2058 610 2120 άν
623 2085 687 2120 κοτε
700 2065 727 2123 ἐς
740 2059 790 2120 τάν
802 2059 899 2136 νεκράν
908 2063 998 2118 ταῦτα

194 2148 385 2226 παρενόμησε·
407 2149 467 2208 ἐπεὶ
478 2153 563 2225 τιμάν
574 2148 703 2225 μάλιστα
722 2149 867 2225 νομίζουσι
879 2151 933 2208 τῶν
944 2142 997 2227 ἐγώ

197 2236 260 2296 οἶδα
277 2236 427 2314 ἀνθρώπων
440 2237 552 2313 Πέρσαι
563 2236 665 2313 ἄνδρας
680 2235 803 2318 άγαθοῧς
814 2234 851 2296 τά
863 2235 996 2312 πόλεμια.

197 2328 224 2384 οἱ
236 2328 288 2401 μέν
302 2325 335 2400 δή
349 2329 437 2385 ταῦτα
448 2325 555 2384 ἐποίευν
568 2329 645 2384 τοῖσι
660 2326 823 2384 ἐπετέτακτο
835 2325 946 2384 ποιέειν.

150 2414 207 2472 239
244 2412 356 2489 Ἀνειμι
369 2413 398 2471 δέ
412 2415 502 2471 ἐκεῖσε
519 2416 569 2470 τοῦ
588 2410 683 2492 λόγου,
697 2416 733 2492 τῇ
749 2438 798 2490 μοι
813 2412 847 2472 τά
862 2411 998 2488 πρότερον

199 2500 318 2568 ἐξέλιπε.
374 2499 509 2558 ἐπύθοντο
538 2499 753 2577 Λακεδαιμόνιοι
785 2499 828 2560 ὅτι
857 2500 997 2575 βασιλεύς

197 2587 349 2646 στέλλοιτο
369 2587 416 2646 ἐπὶ
435 2587 487 2662 τήν
504 2587 643 2658 Ἑλλάδα,
661 2591 775 2665 πρῶτοι·
805 2588 851 2646 καὶ
873 2585 943 2646 οὕτω
963 2586 997 2662 δή

197 2678 225 2736 ἐς
237 2672 270 2734 τά
283 2673 456 2752 χρηστήριον
467 2674 501 2734 τά
516 2680 543 2738 ἐς
557 2675 690 2751 Δελφούς
699 2676 876 2754 ἀπέπεμψαν,
888 2675 953 2736 ἔνθα
963 2673 998 2750 δή

197 2769 253 2839 σφι
272 2762 399 2841 ἐχρήσθη
411 2762 447 2823 τά
460 2761 547 2844 ὀλίγῳ
560 2762 697 2842 πρότερον
710 2763 798 2826 εἶπον·
819 2762 954 2824 ἐπύθοντο
968 2763 999 2822 δέ

196 2849 290 2930 τράπῳ
298 2852 440 2930 θωμασίῳ·
455 2851 623 2928 Δημάρητος
632 2851 688 2934 γάρ
698 2850 714 2911 ὁ
723 2851 891 2930 Ἀρίστωνος
900 2849 998 2932 φυγῶν

198 2943 226 3002 ἐς
238 2939 360 3015 Μήδους,
375 2939 411 3002 ῶς
423 2943 475 3016 μὲν
489 2939 543 3019 ἐγώ
556 2939 640 2998 δοκέω
654 2940 745 3000 καὶτὰ
759 2940 833 3003 οἰκός
846 2941 908 3015 ἐμοὶ
926 2966 998 3016 συμ-

196 3027 324 3106 μάχεται,
339 3026 389 3086 οὗκ
401 3025 436 3102 ἦν
450 3026 542 3089 εὔνοος
555 3028 809 3104 Λακεδαιμονίοισι·
830 3027 950 3104 πάρεστι
968 3027 998 3086 δὲ

200 3115 323 3189 εἰκάζειν,
345 3116 399 3174 εἴτε
420 3114 510 3193 εὐνοίῃ
530 3119 618 3174 ταῦτα
638 3117 754 3192 ἐποίησε
774 3117 829 3174 εἴτε
844 3116 895 3173 ’καὶ
915 3141 998 3173 κατα-

196 3204 309 3281 χαίρων·
331 3204 392 3262 ἐπεί
406 3229 437 3263 τε
452 3202 507 3284 γάρ
526 3203 617 3281 Ξέρξῃ
633 3204 708 3272 ἔδοξε
721 3204 938 3278 στρατηλατέειν
952 3203 998 3264 ἐπὶ

196 3287 249 3364 τήν
271 3289 406 3364 Ἑλλάδα,
429 3289 480 3351 ἐῶν
501 3294 531 3350 ἐν
554 3289 692 3354 Σούσοισι
713 3290 729 3350 ὁ
756 3288 925 3368 Δημάρητος
950 3290 999 3354 καὶ
