2268 3536
175 151 283 218 73-76]
485 149 701 200 τυτνικοοομ
947 152 978 198 33

173 236 225 308 μὲν
249 232 282 307 δή
302 229 419 290 άπελθόι
426 256 472 294 τες
494 236 521 294 ἐς
543 231 596 308 τήν
617 235 729 305 ἑωυτῶν,
744 231 833 294 αἰτίας
852 228 979 311 μεγάλας

175 321 257 398 εἶχον.

215 408 378 484 Κλεομένης
405 408 434 468 δὲ
461 407 647 485 ἐπιστάμενος
673 407 875 484 περιϋβρίσθαι
897 407 1025 468 ἐπεσι74

174 497 220 555 καὶ
234 497 342 578 ἔργοισι
361 495 407 555 ὑπ’
427 495 591 572 Ἀθηναίων,
606 497 740 576 συνέλεγε
761 500 791 553 ἐκ
812 493 907 567 πάσης
921 501 976 554 Πε-

174 584 353 660 λοποννήσου
377 584 509 662 στρατόν,
534 585 566 644 οὕ
589 584 702 662 φράζων
727 589 754 646 ἐς
776 582 809 642 τό
832 585 976 662 συλλέγει,

173 674 312 733 τίσασθαί
330 699 360 732 τε
382 673 485 732 ἐθέλων
505 672 555 733 τόν
572 673 661 749 δῆμον
677 676 732 731 τῶν
751 670 913 746 Ἀθηναίων,
928 671 974 728 καὶ

173 759 326 842 Ἰσαγόρην
338 761 514 838 βουλόμενος
530 760 664 838 τύραννον
678 763 866 834 καταστῆσαι·
881 761 975 828 συνεξ-

173 851 244 924 ῆλθε
264 851 319 931 γάρ
337 854 363 910 οἱ
382 849 464 914 οὗτος
482 855 511 908 ἐκ
525 855 576 924 τῆς
590 849 769 926 ἀκροπόλιος.
812 847 977 924 Κλεομένης

172 963 203 996 τε
219 938 252 1014 δή
272 940 367 1018 στόλῳ
385 938 501 1020 μεγάλῳ
519 939 643 1014 ἐσέβαλε
660 943 689 1000 ἐς
703 936 863 1005 Ἐλευσῖνα,
879 936 925 994 καὶ
946 939 973 994 οἱ

174 1029 291 1086 Βοιωτοὶ
304 1027 360 1086 άπδ
374 1026 552 1102 συνθήματος
562 1026 665 1102 Οἰνόην
673 1026 799 1102 αἱρέουσι
811 1025 856 1082 καὶ
866 1023 974 1093 Ὑσιάς,

175 1112 278 1187 δήμους
297 1115 361 1176 τούς
381 1115 518 1192 ἐσχάτους
539 1119 589 1190 τῆς
606 1113 745 1188 Ἀττικῆς·
770 1112 923 1175 Χαλκιδέες
944 1135 976 1171 τε

177 1200 221 1256 ἐπὶ
241 1201 277 1258 τά
296 1201 375 1276 ἔτερα
395 1203 520 1260 ἐσίνοντο
539 1201 661 1263 ἐπιόντες
679 1200 809 1281 [χώρους]
827 1205 877 1274 τῆς
892 1199 982 1260 Ἀττι-

176 1290 234 1362 κῆς.
261 1286 404 1363 Ἀθηναῖοι
418 1289 456 1357 δὲ,
472 1290 569 1364 καίπερ
584 1288 748 1364 ἀμφιβολίῃ
760 1287 896 1364 ἐχόμενοι,
911 1294 975 1346 Βοι-

175 1380 251 1434 ωτῶν
262 1372 315 1452 μὲν
325 1377 370 1434 καὶ
381 1371 543 1435 Χαλκιδέων
557 1381 584 1438 ἐς
598 1375 716 1451 ὕστερον
729 1376 850 1450 ἔμελλον
863 1375 975 1452 μνήμην

174 1463 354 1539 ποιήσεσθαι·
370 1463 631 1540 Πελοποννησίοισι
641 1463 679 1532 δὲ,
691 1467 770 1522 ἐοῦσι
784 1468 813 1522 ἐν
822 1461 973 1534 Ἐλευσῖνι,

174 1551 253 1611 α’ντία
268 1553 360 1612 ἔθεντο
373 1553 408 1612 τοῖ
423 1553 509 1612 ὅπλα.
552 1552 725 1612 Μελλόντων
744 1552 773 1611 δέ
789 1551 924 1631 συνάψειν
938 1553 973 1612 τά
983 1556 1021 1613 75

173 1641 351 1718 στρατόπεδα
365 1647 391 1705 ἐς
405 1641 508 1721 μάχην,
521 1643 666 1719 Κορίνθιοι
679 1643 731 1718 μέν
741 1643 912 1718 πρῶτοισφὶ
926 1641 973 1701 αό-

173 1733 248 1787 τοῖσι
263 1729 354 1792 δόντες
364 1730 453 1810 λόγον
468 1730 502 1792 οἷς
516 1729 549 1789 οὗ
562 1734 668 1790 ποιοῖεν
678 1729 713 1789 τά
725 1730 824 1800 δίκαια,
833 1731 973 1807 μετεβάλ-

172 1816 258 1876 λοντό
270 1843 301 1876 τε
315 1818 361 1875 καὶ
376 1817 612 1877 ἀπαλλάσσοντο·
633 1818 704 1894 μετά
723 1818 760 1888 δέ,
776 1817 973 1896 Δημάρητοςό

172 1901 347 1986 Ἀρίστωνος,
366 1905 416 1965 ἐιδν
438 1906 484 1964 καὶ
501 1903 587 1969 οὗτος
607 1905 749 1982 βασιλευς
768 1909 973 1982 Σπαρτιητέων,

173 1993 218 2050 καὶ
234 1994 429 2074 συνεξαγαγών
449 2021 481 2053 τε
496 1993 547 2070 τήν
565 1995 700 2072 στρατιήν
719 1999 749 2052 ἐκ
766 1995 973 2071 Λακεδαίμονος

173 2081 218 2138 καὶ
231 2079 281 2139 οὐκ
295 2081 345 2141 ἐάν
358 2081 493 2158 διάφορος
506 2087 535 2140 ἐν
548 2086 586 2160 τῷ
599 2083 725 2160 πρόσθεν
741 2082 832 2161 χρόνῳ
845 2083 973 2158 Κλεομέ-

173 2175 221 2225 νεῖ·
242 2168 311 2248 (άπὸ
325 2170 355 2228 δέ
367 2170 469 2245 ταύτης
482 2175 532 2244 τῆς
546 2171 730 2248 διχοστασίης
743 2170 823 2245 ἐτέθη
838 2169 923 2246 νόμος
943 2175 972 2229 ἐν

173 2255 296 2336 Σπάρτῃ,
310 2258 350 2335 μή
365 2259 465 2327 ἐξεῖναι
480 2259 598 2317 ἔπεσθαι
619 2258 795 2334 ἀμφοτέρους
809 2257 873 2319 τούς
885 2259 970 2334 βασι-

171 2347 243 2418 λῆας
262 2345 390 2422 ἐξιούσης
411 2349 461 2421 τῆς
483 2350 626 2422 στρατιῆς·
650 2347 717 2407 τέως
737 2344 792 2426 γάρ
813 2345 971 2424 ἀμφότεροι

172 2432 293 2492 εἵποντο·
315 2434 530 2514 παραλυομένου
544 2433 573 2492 δὲ
586 2433 689 2494 τούτων
705 2438 756 2493 τοῦ
773 2436 874 2512 ἑτέρου,
890 2463 971 2496 κατα-

171 2522 320 2581 λείπεσθαι
335 2523 379 2580 καὶ
393 2526 448 2582 τῶν
461 2521 646 2599 Τυνδαριδέων
658 2523 708 2582 τᾶν
725 2523 828 2600 ἕτερον·
849 2526 904 2602 πρὸ
921 2529 971 2584 τοῦ

169 2608 225 2688 γάρ
240 2609 273 2685 δή
293 2611 339 2668 καὶ
355 2608 431 2669 οὗτοι
450 2610 614 2687 ἀμφότεροι,
629 2613 776 2688 ἐπίκλητοί
795 2620 850 2688 σφι
869 2614 967 2685 ἐόντες,

89 2761 93 2770 ι
171 2695 304 2778 εἴποντος)
324 2698 388 2758 τότε
402 2699 435 2774 δή
450 2704 479 2758 ἐν
493 2703 528 2777 τῇ
541 2698 683 2758 Ἐλευσῖνι
692 2700 821 2777 ὁρέωντες
832 2705 858 2760 οἱ
871 2704 969 2762 λοιποὶ

169 2788 224 2844 τῶν
238 2786 395 2865 συμμάχων
408 2787 472 2849 τούς
483 2812 515 2845 τε
525 2789 671 2863 βασιλῆας
680 2794 734 2848 τῶν
745 2791 969 2868 Λακεδαιμονίων

170 2871 220 2930 οὐκ
248 2873 454 2955 ὁμολογέοντας
480 2876 526 2933 καὶ
548 2877 712 2952 Κορινθίους
734 2879 898 2942 ἐκλιπόντας
918 2880 970 2956 τήν

169 2959 256 3030 τάξιν,
272 2962 383 3040 οἴχοντο
398 2963 444 3022 καὶ
462 2962 540 3023 αὐτοὶ
560 2962 825 3043 άπαλλασσόμενοι.
867 2971 967 3044 Τέταρ-
978 2971 1015 3029 76

169 3073 218 3108 τον
235 3049 268 3125 δή
287 3055 370 3110 τοῦτο
387 3053 433 3111 ἐπὶ
450 3051 502 3128 τήν
514 3050 645 3128 Ἀττικήν
663 3053 826 3130 ἀπικόμενοι
843 3056 969 3132 Δωριέες,

169 3142 210 3207 δίς
222 3171 253 3204 τε
266 3147 311 3204 ἐπὶ
325 3149 440 3226 πολέμῳ
454 3147 627 3222 ἐσβαλόντες
640 3149 686 3206 καὶ
700 3149 740 3211 δὶς
754 3149 795 3208 ἐπ’
810 3149 905 3230 α’γαθῷ
918 3155 968 3209 τοῦ

168 3231 292 3308 πλήθεος
313 3239 363 3294 τοῦ
382 3234 544 3312 Ἀθηναίων·
568 3241 678 3313 πρῶτον
699 3239 758 3312 μὲν,
779 3236 825 3296 ὅτε
848 3237 893 3295 καὶ
909 3240 967 3297 Μέ-

167 3346 243 3402 γαρα,
257 3323 428 3391 κατοίκισαν·
445 3323 536 3400 (οὗτος
549 3324 565 3384 ὁ
580 3323 693 3393 στόλος,
703 3324 748 3382 ἐπὶ
757 3324 869 3399 Κόδρου
882 3327 968 3401 βασι-
