2278 3538
184 147 226 192 ιιι
493 143 673 190 Ἠεοιουου
903 141 980 203 [ιιι.

179 250 234 300 μου
246 228 345 284 τούτου
360 223 422 282 οῦδὲ
437 221 661 299 προσδεκόμενον
675 220 760 282 κακῦν
775 221 853 280 οῦδὲν
868 221 981 281 πείσεσ-

165 312 234 380 -θαι,
250 310 361 392 άγαγών
375 310 421 368 καὶ
434 310 547 371 τούτους
561 315 588 368 ἐς
601 308 650 370 τάς
668 307 847 384 Συρηκούσας
861 306 981 368 ἀπέδοτο

180 397 221 458 ἐπ’
236 399 361 480 ἐξαγωγῇ
379 405 409 458 ἐκ
428 398 563 473 Σικελίης.
606 395 693 455 τιύυτδ
713 395 742 454 δέ
760 400 843 454 τοῦτο
864 397 909 453 καὶ
927 395 981 456 Ed-

179 489 265 563 βοέας
278 488 342 550 τοῦς
359 492 388 546 ἐν
405 487 518 564 Σικελίῃ
533 487 656 561 ἐποίησε,
672 485 820 560 διακρίνας·
842 486 931 543 ἐποίεε
952 486 981 544 δὲ

179 580 267 636 ταῦτα
280 575 394 638 τούτους
407 575 591 650 α’μφοτέρους,
602 574 719 648 νομίσας
733 573 822 648 δῆμον
834 573 903 631 εἶναι
916 600 980 633 συν-

180 666 282 740 οίκημα
296 663 509 742 ἀχαριτώτατον.
551 661 666 738 τοιούτῳ
679 662 731 736 μὲν
744 658 838 738 τρόπῳ
850 659 980 736 τύραννος

181 752 305 832 ἐγεγόνεε
317 754 405 832 μέγας
419 750 434 810 ά
449 752 551 810 Γέλων.

134 842 187 900 157
219 839 289 900 Τότε
305 840 342 908 δὲ,
358 839 392 902 ὦς
409 842 435 898 οἶ
454 837 570 919 ἄγγελοι
586 841 641 898 τιῦν
656 838 801 914 Ἑλλήνων
819 838 937 898 ἀπίκατο
954 846 979 902 ἐς

178 929 227 991 τάς
251 927 439 1004 Συρηκούσας,
462 926 589 990 ἐλθόντες
613 927 687 1005 αύτῷ
708 931 734 988 ἐς
758 926 860 1006 λόγους
883 928 979 1006 ἔλεγον

177 1015 251 1078 τάδε·
274 1026 291 1050 “
300 1017 426 1094 ἔπεμψαν
439 1015 526 1092 ἡμέας
540 1015 752 1092 Λακεδαιμόνιοι
771 1015 816 1073 καὶ
835 1018 860 1074 οἶ
876 1013 979 1074 τούτων

178 1103 332 1184 σύμμαχοι,
343 1105 620 1182 παραλαμψομένους
633 1130 668 1163 σε
678 1103 748 1180 πρός
760 1101 810 1162 τάν
818 1102 977 1180 βάρβαρον·

177 1191 227 1252 τάν
241 1193 296 1274 γάρ
315 1192 428 1253 ἐπιόντα
445 1194 490 1252 ἐπὶ
510 1194 560 1270 τήν
582 1192 707 1250 Ἑλλάδα
724 1189 832 1254 πάντως
849 1219 898 1250 κου
914 1219 976 1252 πυν-

178 1280 281 1340 θάνεαι·
299 1281 342 1341 ὅτι
357 1283 472 1358 Πέρσης
486 1280 555 1358 άνήρ
566 1283 676 1358 μέλλει,
688 1279 783 1352 ζεύξας
796 1279 845 1340 τόν
855 1279 978 1355 Ἑλλήσ-

177 1394 279 1430 ποντον
294 1371 338 1428 καὶ
357 1371 466 1452 ἐπάγων
483 1369 574 1430 πάντα
589 1371 638 1430 τάν
655 1367 726 1447 ἠῷον
743 1368 865 1446 στρατόν
882 1375 912 1428 ἐκ
929 1374 977 1444 τῆς

177 1455 282 1534 Ἀσίης,
295 1457 539 1535 στρατηλατήσειν
554 1460 599 1518 ἐπὶ
611 1458 663 1534 τήν
676 1457 810 1528 Ἑλλάδα,
824 1456 978 1535 πρόσχημα

175 1548 227 1622 μὲν
247 1547 408 1622 ποιεύμενος
430 1546 464 1609 ιῦς
486 1546 527 1604 ἐπ’
545 1545 665 1620 Ἀθήνας
686 1543 802 1616 ἐλαύνει,
826 1550 855 1606 ἐν
876 1544 928 1624 νόῳ
949 1545 978 1604 δὲ

177 1634 245 1711 ἔχων
258 1639 354 1692 πᾶσαν
364 1633 416 1709 τὴν
428 1633 555 1692 Ἑλλάδα
565 1634 610 1693 ὑπ’
622 1637 711 1712 ἑωυτῷ
724 1632 911 1709 ποιήσασθαι.
939 1633 977 1696 σθ

177 1720 206 1779 δέ
228 1721 356 1798 δυνάμιός
379 1747 410 1780 τε
434 1723 508 1798 ἥκεις
531 1723 665 1803 μεγάλης,
688 1722 841 1799 καὶμοῖρά
865 1750 909 1782 τοι
928 1727 978 1799 τῆς

176 1808 313 1872 Ἑλλάδος
331 1809 381 1870 οῦκ
401 1813 539 1890 ἐλαχίστη
556 1813 635 1888 μέτα,
654 1810 771 1890 ἅρχοντί
786 1836 819 1891 γε
840 1812 977 1888 Σικελίης·

175 1897 275 1972 βοήθει
288 1924 319 1957 τε
335 1902 410 1959 τοῖσι
425 1900 602 1977 ἐλευθεροῦσι
622 1898 673 1975 την
686 1898 820 1968 Ἑλλάδα,
838 1901 883 1958 καὶ
900 1927 976 1958 συνε·

174 1986 317 2064 λευθέρου.
359 1987 430 2062 α’λής
449 1990 500 2064 μέν
518 1989 571 2068 γάρ
588 1989 719 2069 γινομένη
736 1992 816 2047 πᾶσα
838 1985 977 2062 ἡἙλλάς

175 2075 236 2152 χεὶρ
263 2076 374 2158 μεγάλη
402 2075 560 2157 συνάγεται,
589 2077 635 2135 καὶ
666 2074 816 2154 ἀξιόμαχοι
843 2075 977 2156 γινόμεθα

174 2167 250 2222 τοῖσι
267 2169 387 2224 ἐπιοῦσι·
409 2164 442 2240 ἢν
456 2165 485 2222 δὲ
501 2165 592 2242 ἡμέων
607 2167 633 2224 οἱ
648 2168 700 2242 μὲν
714 2164 937 2240 καταπροδιδῶσι
951 2169 977 2224 οἱ

175 2251 204 2310 δέ
217 2252 256 2328 μή
269 2254 372 2314 θέλωσι
391 2254 536 2330 ἰμωρέειν,
548 2255 580 2312 τά
596 2255 625 2313 δέ
640 2253 763 2333 ῦγιαῖνον
777 2258 827 2328 τῆς
840 2253 977 2316 Ἑλλάδος

173 2338 311 2421 ᾗόλίγον,
326 2347 407 2400 τοῦτο
424 2342 451 2399 δὲ
469 2340 521 2417 ἤδη
535 2341 623 2402 δεινόν
636 2342 741 2421 γίνεται
755 2341 794 2417 μὴ
808 2343 883 2420 πέσῃ
896 2346 976 2401 πᾶσα

173 2427 192 2502 ἡ
205 2427 318 2492 Ἑλλάς.
351 2432 389 2507 μη
402 2429 456 2509 γάρ
469 2431 594 2509 ἐλπίσῃς,
606 2429 640 2506 ἢν
650 2430 737 2506 ἡμέας
751 2431 976 2508 καταστρέψηται

174 2513 190 2573 ὁ
207 2515 321 2590 Πέρσης
338 2518 415 2594 μάχη
430 2518 580 2593 κρατήσας,
596 2519 630 2580 (ῦς
645 2519 705 2578 οὐκὶ
719 2519 778 2594 ἥξει
793 2518 870 2591 παρά
886 2519 922 2576 σέ
933 2545 975 2597 γε·

173 2599 251 2660 α’λλά
267 2602 322 2678 πρά
339 2604 438 2662 τούτου
456 2604 590 2679 φύλαξαι·
611 2607 739 2681 βοηθέων
758 2606 813 2686 γάρ
826 2605 893 2682 ἡμῖν
909 2632 976 2664 σεω-

155 2694 227 2768 Ιυτῷ
253 2691 401 2766 τιμωρέεις·
437 2695 475 2771 τῷ
502 2693 531 2751 δὲ
559 2693 588 2753 εῦ
618 2695 801 2770 βουλευθέντι
832 2691 975 2771 πρήγματι

172 2778 288 2853 τελευτή
308 2777 343 2841 οἷς
362 2779 395 2839 τά
415 2782 515 2840 ἐπίπαν
533 2784 645 2861 χρηστὴ
665 2784 755 2843 ἐθέλει
776 2780 975 2863 ἐπιγίνεσθαι.”

127 2866 183 2924 158
194 2869 230 2924 Οἱ
253 2868 305 2942 μὲν
327 2871 414 2927 ταῦτα
436 2870 541 2949 ἔλεγον·
563 2871 658 2930 Γέλων
679 2871 709 2930 δέ
729 2869 838 2934 πολλός
859 2870 974 2930 ἐνέκειτο

171 2953 261 3034 λέγων
289 2955 390 3014 τοιάδε·
428 2956 547 3033 ’(άνδρες
575 2957 723 3034 Ἕλληνες,
751 2959 839 3040 λόγον
867 2960 974 3037 ἔχοντες

166 3043 341 3119 πλεονέκτην
354 3045 530 3119 ἐτολμήσατε
547 3049 595 3121 ἐμὲ
611 3045 762 3124 σύμμαχον
780 3047 825 3104 ἐπὶ
841 3047 890 3106 τόν
902 3046 974 3123 βάρ·

172 3129 263 3206 βαρον
272 3132 493 3207 παρακαλέοντες
507 3133 608 3190 ἐλθεῖν·
623 3131 702 3190 αὐτοὶ
713 3134 750 3201 δὲ,
763 3139 828 3210 ἐμεῦ
839 3133 974 3209 πρότερον

174 3216 315 3289 δεηθέντος
338 3220 516 3293 βαρβαρικοῦ
541 3223 664 3294 στρατοῦ
689 3220 906 3296 συνεπάψασθαι
927 3221 973 3279 ὅτε

175 3329 221 3368 μοι
243 3305 312 3372 πρὸς
337 3305 542 3378 Καρχηδονίους
567 3311 654 3364 νεῖκος
677 3311 812 3381 συνῆπτο,
835 3307 971 3380 ἐπισκήπ
