<?xml version="1.0" encoding="UTF-8"?>
<!DOCTYPE html PUBLIC "-//W3C//DTD XHTML 1.0 Transitional//EN"
    "http://www.w3.org/TR/xhtml1/DTD/xhtml1-transitional.dtd">
<html xmlns="http://www.w3.org/1999/xhtml" xml:lang="en" lang="en">
 <head>
  <title>
</title>
<meta http-equiv="Content-Type" content="text/html;charset=utf-8" />
  <meta name='ocr-system' content='tesseract 3.04.00' />
  <meta name='ocr-capabilities' content='ocr_page ocr_carea ocr_par ocr_line ocrx_word'/>
</head>
<body>
  <div class='ocr_page' id='page_1' title='image "./herodotusrecens02blakgoog_0287.png"; bbox 0 0 2278 3538; ppageno 0'>
   <div class='ocr_carea' id='block_1_1' title="bbox 174 164 1024 3409">
    <p class='ocr_par' dir='ltr' id='par_1_1' title="bbox 174 164 1024 3409">
     <span class='ocr_line' id='line_1_1' title="bbox 176 164 977 229; baseline -0.004 -14"><span class='ocrx_word' id='word_1_1' title='bbox 176 170 186 215; x_wconf 93' lang='lat' dir='ltr'>l</span> <span class='ocrx_word' id='word_1_2' title='bbox 195 171 268 215; x_wconf 46' lang='lat'>194</span> <span class='ocrx_word' id='word_1_3' title='bbox 274 164 317 229; x_wconf 84' lang='grc'>24]</span> <span class='ocrx_word' id='word_1_4' title='bbox 505 164 658 213; x_wconf 76' lang='lat' dir='ltr'>OTPANIA.</span> <span class='ocrx_word' id='word_1_5' title='bbox 929 165 977 212; x_wconf 83' lang='grc'>269</span> 
     </span>
     <span class='ocr_line' id='line_1_2' title="bbox 175 239 977 327; baseline 0.001 -24"><span class='ocrx_word' id='word_1_6' title='bbox 175 245 284 325; x_wconf 84' lang='grc' dir='ltr'>ἐγένετο</span> <span class='ocrx_word' id='word_1_7' title='bbox 303 240 415 318; x_wconf 75' lang='grc' dir='ltr'>ἀνδριάς</span> <span class='ocrx_word' id='word_1_8' title='bbox 436 242 505 320; x_wconf 80' lang='grc' dir='ltr'>ἔχων</span> <span class='ocrx_word' id='word_1_9' title='bbox 527 239 558 327; x_wconf 77' lang='grc' dir='ltr'>ἐν’</span> <span class='ocrx_word' id='word_1_10' title='bbox 576 244 612 320; x_wconf 81' lang='grc' dir='ltr'>τῇ</span> <span class='ocrx_word' id='word_1_11' title='bbox 632 242 694 320; x_wconf 85' lang='grc' dir='ltr'>χερὶ</span> <span class='ocrx_word' id='word_1_12' title='bbox 714 239 885 320; x_wconf 86' lang='grc' dir='ltr'>ἀκρωτήριον</span> <span class='ocrx_word' id='word_1_13' title='bbox 905 243 977 317; x_wconf 79' lang='grc' dir='ltr'>νηός,</span> 
     </span>
     <span class='ocr_line' id='line_1_3' title="bbox 175 327 979 411; baseline 0.001 -21"><span class='ocrx_word' id='word_1_14' title='bbox 175 330 227 390; x_wconf 71' lang='grc' dir='ltr'>ἐολν</span> <span class='ocrx_word' id='word_1_15' title='bbox 247 331 370 411; x_wconf 86' lang='grc' dir='ltr'>μέγαθος</span> <span class='ocrx_word' id='word_1_16' title='bbox 390 331 555 388; x_wconf 86' lang='grc' dir='ltr'>δυωκαίδεκα</span> <span class='ocrx_word' id='word_1_17' title='bbox 576 329 696 408; x_wconf 89' lang='grc' dir='ltr'>πήχεων·</span> <span class='ocrx_word' id='word_1_18' title='bbox 719 330 833 405; x_wconf 80' lang='grc' dir='ltr'>ἑστήκεε</span> <span class='ocrx_word' id='word_1_19' title='bbox 850 331 879 388; x_wconf 86' lang='grc' dir='ltr'>δέ</span> <span class='ocrx_word' id='word_1_20' title='bbox 899 327 979 393; x_wconf 80' lang='grc' dir='ltr'>οὗτος</span> 
     </span>
     <span class='ocr_line' id='line_1_4' title="bbox 174 417 1024 497; baseline -0.002 -20"><span class='ocrx_word' id='word_1_21' title='bbox 174 423 210 497; x_wconf 76' lang='grc' dir='ltr'>τῇ</span> <span class='ocrx_word' id='word_1_22' title='bbox 223 445 275 495; x_wconf 90' lang='grc' dir='ltr'>περ</span> <span class='ocrx_word' id='word_1_23' title='bbox 295 418 310 477; x_wconf 83' lang='grc' dir='ltr'>ὁ</span> <span class='ocrx_word' id='word_1_24' title='bbox 330 417 466 477; x_wconf 74' lang='grc' dir='ltr'>Μακεδὼν</span> <span class='ocrx_word' id='word_1_25' title='bbox 482 417 666 493; x_wconf 83' lang='grc' dir='ltr'>Ἀλέξανδρος</span> <span class='ocrx_word' id='word_1_26' title='bbox 680 417 696 476; x_wconf 83' lang='grc' dir='ltr'>ὁ</span> <span class='ocrx_word' id='word_1_27' title='bbox 709 417 838 496; x_wconf 80' lang='grc' dir='ltr'>χρύσεος.</span> <span class='ocrx_word' id='word_1_28' title='bbox 881 419 958 494; x_wconf 91' lang='grc' dir='ltr'>Πέμ-</span> <span class='ocrx_word' id='word_1_29' title='bbox 969 421 1024 476; x_wconf 88' lang='grc'>122</span> 
     </span>
     <span class='ocr_line' id='line_1_5' title="bbox 175 504 978 586; baseline -0.001 -21"><span class='ocrx_word' id='word_1_30' title='bbox 175 516 276 586; x_wconf 82' lang='grc' dir='ltr'>ψαντες</span> <span class='ocrx_word' id='word_1_31' title='bbox 295 506 324 565; x_wconf 86' lang='grc' dir='ltr'>δέ</span> <span class='ocrx_word' id='word_1_32' title='bbox 345 505 487 582; x_wconf 78' lang='grc' dir='ltr'>ἀκροθίνια</span> <span class='ocrx_word' id='word_1_33' title='bbox 509 508 535 564; x_wconf 86' lang='grc' dir='ltr'>οἶ</span> <span class='ocrx_word' id='word_1_34' title='bbox 550 504 690 581; x_wconf 85' lang='grc' dir='ltr'>Ἕλληνες</span> <span class='ocrx_word' id='word_1_35' title='bbox 707 511 734 568; x_wconf 85' lang='grc' dir='ltr'>ἐς</span> <span class='ocrx_word' id='word_1_36' title='bbox 753 506 893 581; x_wconf 79' lang='grc' dir='ltr'>Δελφούς,</span> <span class='ocrx_word' id='word_1_37' title='bbox 908 512 978 564; x_wconf 89' lang='grc' dir='ltr'>ἐπει-</span> 
     </span>
     <span class='ocr_line' id='line_1_6' title="bbox 174 593 978 673; baseline -0.002 -19"><span class='ocrx_word' id='word_1_38' title='bbox 174 595 277 672; x_wconf 80' lang='grc' dir='ltr'>ρώτεον</span> <span class='ocrx_word' id='word_1_39' title='bbox 303 593 353 654; x_wconf 80' lang='grc' dir='ltr'>τάν</span> <span class='ocrx_word' id='word_1_40' title='bbox 382 593 445 654; x_wconf 77' lang='grc' dir='ltr'>θεὰν</span> <span class='ocrx_word' id='word_1_41' title='bbox 467 598 554 673; x_wconf 81' lang='grc' dir='ltr'>κοινῇ,</span> <span class='ocrx_word' id='word_1_42' title='bbox 579 597 603 653; x_wconf 83' lang='grc' dir='ltr'>εἰ</span> <span class='ocrx_word' id='word_1_43' title='bbox 627 593 772 669; x_wconf 80' lang='grc' dir='ltr'>λελάβηκε</span> <span class='ocrx_word' id='word_1_44' title='bbox 798 593 908 670; x_wconf 87' lang='grc' dir='ltr'>πλήρεα</span> <span class='ocrx_word' id='word_1_45' title='bbox 933 595 978 652; x_wconf 82' lang='grc' dir='ltr'>καὶ</span> 
     </span>
     <span class='ocr_line' id='line_1_7' title="bbox 175 679 978 759; baseline -0.001 -17"><span class='ocrx_word' id='word_1_46' title='bbox 175 681 282 759; x_wconf 84' lang='grc' dir='ltr'>ἀρεστά</span> <span class='ocrx_word' id='word_1_47' title='bbox 295 682 332 742; x_wconf 85' lang='grc' dir='ltr'>τά</span> <span class='ocrx_word' id='word_1_48' title='bbox 354 681 515 759; x_wconf 87' lang='grc' dir='ltr'>ἀκροθίνια;</span> <span class='ocrx_word' id='word_1_49' title='bbox 538 681 554 741; x_wconf 81' lang='lat' dir='ltr'>o‘</span> <span class='ocrx_word' id='word_1_50' title='bbox 573 681 603 740; x_wconf 83' lang='grc' dir='ltr'>δὲ</span> <span class='ocrx_word' id='word_1_51' title='bbox 619 679 684 759; x_wconf 89' lang='grc' dir='ltr'>παρ’</span> <span class='ocrx_word' id='word_1_52' title='bbox 702 681 847 754; x_wconf 84' lang='grc' dir='ltr'>Ἑλλήνων</span> <span class='ocrx_word' id='word_1_53' title='bbox 859 684 911 758; x_wconf 77' lang='grc' dir='ltr'>μὲν</span> <span class='ocrx_word' id='word_1_54' title='bbox 924 687 978 741; x_wconf 73' lang='grc' dir='ltr'>τῶν</span> 
     </span>
     <span class='ocr_line' id='line_1_8' title="bbox 175 768 979 850; baseline 0 -21"><span class='ocrx_word' id='word_1_55' title='bbox 175 769 270 830; x_wconf 82' lang='grc' dir='ltr'>ἀλλων</span> <span class='ocrx_word' id='word_1_56' title='bbox 292 771 382 846; x_wconf 82' lang='grc' dir='ltr'>ἔφησε</span> <span class='ocrx_word' id='word_1_57' title='bbox 404 772 484 848; x_wconf 79' lang='grc' dir='ltr'>ἔχειν,</span> <span class='ocrx_word' id='word_1_58' title='bbox 507 769 572 846; x_wconf 87' lang='grc' dir='ltr'>παρ’</span> <span class='ocrx_word' id='word_1_59' title='bbox 593 771 761 850; x_wconf 80' lang='grc' dir='ltr'>Αἰγινητέων</span> <span class='ocrx_word' id='word_1_60' title='bbox 782 770 811 828; x_wconf 85' lang='grc' dir='ltr'>δέ</span> <span class='ocrx_word' id='word_1_61' title='bbox 832 768 873 830; x_wconf 78' lang='grc' dir='ltr'>οὔ·</span> <span class='ocrx_word' id='word_1_62' title='bbox 902 769 979 829; x_wconf 83' lang='grc' dir='ltr'>ἀλλά</span> 
     </span>
     <span class='ocr_line' id='line_1_9' title="bbox 175 855 977 935; baseline 0.001 -18"><span class='ocrx_word' id='word_1_63' title='bbox 175 857 290 918; x_wconf 83' lang='grc' dir='ltr'>ἀπαίτεε</span> <span class='ocrx_word' id='word_1_64' title='bbox 304 857 404 921; x_wconf 74' lang='grc' dir='ltr'>αὐτοῦς</span> <span class='ocrx_word' id='word_1_65' title='bbox 415 857 451 917; x_wconf 84' lang='grc' dir='ltr'>τά</span> <span class='ocrx_word' id='word_1_66' title='bbox 465 855 597 934; x_wconf 87' lang='grc' dir='ltr'>ἀριστήϊα</span> <span class='ocrx_word' id='word_1_67' title='bbox 610 863 660 933; x_wconf 72' lang='grc' dir='ltr'>τῆς</span> <span class='ocrx_word' id='word_1_68' title='bbox 673 863 702 916; x_wconf 86' lang='grc' dir='ltr'>ἐν</span> <span class='ocrx_word' id='word_1_69' title='bbox 720 860 860 935; x_wconf 80' lang='grc' dir='ltr'>Σαλαμῖνι</span> <span class='ocrx_word' id='word_1_70' title='bbox 876 885 977 935; x_wconf 85' lang='grc' dir='ltr'>ναυμα-</span> 
     </span>
     <span class='ocr_line' id='line_1_10' title="bbox 174 946 977 1028; baseline 0 -22"><span class='ocrx_word' id='word_1_71' title='bbox 174 948 247 1025; x_wconf 77' lang='grc' dir='ltr'>χίης</span> <span class='ocrx_word' id='word_1_72' title='bbox 283 950 429 1028; x_wconf 76' lang='grc' dir='ltr'>Αἰγινῆται</span> <span class='ocrx_word' id='word_1_73' title='bbox 457 947 486 1004; x_wconf 88' lang='grc' dir='ltr'>δέ</span> <span class='ocrx_word' id='word_1_74' title='bbox 512 946 672 1022; x_wconf 86' lang='grc' dir='ltr'>πυθόμενοι,</span> <span class='ocrx_word' id='word_1_75' title='bbox 697 947 833 1007; x_wconf 87' lang='grc' dir='ltr'>ἀνέθεσαν</span> <span class='ocrx_word' id='word_1_76' title='bbox 857 947 977 1025; x_wconf 85' lang='grc' dir='ltr'>ἀστέρας</span> 
     </span>
     <span class='ocr_line' id='line_1_11' title="bbox 174 1035 1009 1114; baseline 0.002 -22"><span class='ocrx_word' id='word_1_77' title='bbox 174 1037 320 1114; x_wconf 78' lang='grc' dir='ltr'>χρυσέους,</span> <span class='ocrx_word' id='word_1_78' title='bbox 336 1035 362 1093; x_wconf 82' lang='grc' dir='ltr'>οἳ</span> <span class='ocrx_word' id='word_1_79' title='bbox 377 1035 422 1092; x_wconf 88' lang='grc' dir='ltr'>ἐπὶ</span> <span class='ocrx_word' id='word_1_80' title='bbox 437 1038 517 1093; x_wconf 83' lang='grc' dir='ltr'>ἱστοῦ</span> <span class='ocrx_word' id='word_1_81' title='bbox 530 1037 653 1112; x_wconf 78' lang='grc' dir='ltr'>χαλκέου</span> <span class='ocrx_word' id='word_1_82' title='bbox 668 1038 769 1093; x_wconf 77' lang='grc' dir='ltr'>ἑστᾶσι</span> <span class='ocrx_word' id='word_1_83' title='bbox 782 1039 855 1112; x_wconf 87' lang='grc' dir='ltr'>τρεῖς</span> <span class='ocrx_word' id='word_1_84' title='bbox 869 1037 914 1094; x_wconf 83' lang='grc' dir='ltr'>ἐπὶ</span> <span class='ocrx_word' id='word_1_85' title='bbox 928 1039 978 1111; x_wconf 82' lang='grc' dir='ltr'>τῆς</span> <span class='ocrx_word' id='word_1_86' title='bbox 1008 1051 1009 1056; x_wconf 78' lang='grc'>’</span> 
     </span>
     <span class='ocr_line' id='line_1_12' title="bbox 175 1122 1024 1204; baseline 0.002 -23"><span class='ocrx_word' id='word_1_87' title='bbox 175 1123 283 1202; x_wconf 83' lang='grc' dir='ltr'>γωνίης,</span> <span class='ocrx_word' id='word_1_88' title='bbox 300 1122 447 1204; x_wconf 77' lang='grc' dir='ltr'>ἀγχοτάτω</span> <span class='ocrx_word' id='word_1_89' title='bbox 467 1127 517 1181; x_wconf 83' lang='grc' dir='ltr'>τοῦ</span> <span class='ocrx_word' id='word_1_90' title='bbox 539 1123 669 1199; x_wconf 88' lang='grc' dir='ltr'>Κροίσεω</span> <span class='ocrx_word' id='word_1_91' title='bbox 689 1127 831 1199; x_wconf 76' lang='grc' dir='ltr'>κρητῆρος.</span> <span class='ocrx_word' id='word_1_92' title='bbox 875 1124 956 1182; x_wconf 81' lang='grc' dir='ltr'>Μετά</span> <span class='ocrx_word' id='word_1_93' title='bbox 968 1127 1024 1183; x_wconf 80' lang='grc'>123</span> 
     </span>
     <span class='ocr_line' id='line_1_13' title="bbox 175 1210 978 1288; baseline 0.001 -18"><span class='ocrx_word' id='word_1_94' title='bbox 175 1211 205 1270; x_wconf 89' lang='grc' dir='ltr'>δέ</span> <span class='ocrx_word' id='word_1_95' title='bbox 217 1211 269 1286; x_wconf 81' lang='grc' dir='ltr'>τήν</span> <span class='ocrx_word' id='word_1_96' title='bbox 282 1211 416 1288; x_wconf 85' lang='grc' dir='ltr'>διαίρεσιν</span> <span class='ocrx_word' id='word_1_97' title='bbox 426 1215 476 1286; x_wconf 82' lang='grc' dir='ltr'>τῆς</span> <span class='ocrx_word' id='word_1_98' title='bbox 489 1211 569 1286; x_wconf 79' lang='grc' dir='ltr'>ληίης</span> <span class='ocrx_word' id='word_1_99' title='bbox 583 1212 691 1269; x_wconf 82' lang='grc' dir='ltr'>ἔπλωον</span> <span class='ocrx_word' id='word_1_100' title='bbox 702 1214 728 1269; x_wconf 83' lang='grc' dir='ltr'>οἱ</span> <span class='ocrx_word' id='word_1_101' title='bbox 736 1210 875 1287; x_wconf 81' lang='grc' dir='ltr'>Ἕλληνες</span> <span class='ocrx_word' id='word_1_102' title='bbox 888 1217 916 1274; x_wconf 88' lang='grc' dir='ltr'>ἐς</span> <span class='ocrx_word' id='word_1_103' title='bbox 927 1211 978 1272; x_wconf 80' lang='grc' dir='ltr'>τᾶν</span> 
     </span>
     <span class='ocr_line' id='line_1_14' title="bbox 174 1297 978 1380; baseline 0.002 -23"><span class='ocrx_word' id='word_1_104' title='bbox 174 1297 300 1376; x_wconf 79' lang='grc' dir='ltr'>Ἰσθμόν,</span> <span class='ocrx_word' id='word_1_105' title='bbox 320 1297 452 1376; x_wconf 86' lang='grc' dir='ltr'>ἀριστήϊα</span> <span class='ocrx_word' id='word_1_106' title='bbox 472 1297 608 1360; x_wconf 77' lang='grc' dir='ltr'>δώσοντες</span> <span class='ocrx_word' id='word_1_107' title='bbox 625 1303 662 1376; x_wconf 75' lang='grc' dir='ltr'>τῷ</span> <span class='ocrx_word' id='word_1_108' title='bbox 681 1298 821 1378; x_wconf 77' lang='grc' dir='ltr'>ἀξιωτάτῳ</span> <span class='ocrx_word' id='word_1_109' title='bbox 839 1300 978 1380; x_wconf 74' lang='grc' dir='ltr'>γενομένῳ</span> 
     </span>
     <span class='ocr_line' id='line_1_15' title="bbox 175 1385 978 1464; baseline 0.001 -18"><span class='ocrx_word' id='word_1_110' title='bbox 175 1386 320 1463; x_wconf 89' lang='grc' dir='ltr'>Ἑλλήνων</span> <span class='ocrx_word' id='word_1_111' title='bbox 334 1385 386 1446; x_wconf 88' lang='grc' dir='ltr'>ἀνά</span> <span class='ocrx_word' id='word_1_112' title='bbox 399 1385 449 1446; x_wconf 81' lang='grc' dir='ltr'>τάν</span> <span class='ocrx_word' id='word_1_113' title='bbox 462 1385 589 1462; x_wconf 85' lang='grc' dir='ltr'>πόλεμον</span> <span class='ocrx_word' id='word_1_114' title='bbox 602 1390 710 1445; x_wconf 83' lang='grc' dir='ltr'>τοῦτον·</span> <span class='ocrx_word' id='word_1_115' title='bbox 727 1387 762 1449; x_wconf 81' lang='grc' dir='ltr'>ὦς</span> <span class='ocrx_word' id='word_1_116' title='bbox 776 1387 805 1445; x_wconf 85' lang='grc' dir='ltr'>δέ</span> <span class='ocrx_word' id='word_1_117' title='bbox 815 1387 978 1464; x_wconf 85' lang='grc' dir='ltr'>ἀπικόμενοι</span> 
     </span>
     <span class='ocr_line' id='line_1_16' title="bbox 176 1473 977 1556; baseline 0.002 -23"><span class='ocrx_word' id='word_1_118' title='bbox 176 1478 202 1534; x_wconf 84' lang='grc' dir='ltr'>οἶ</span> <span class='ocrx_word' id='word_1_119' title='bbox 216 1475 370 1556; x_wconf 83' lang='grc' dir='ltr'>στρατηγοὶ</span> <span class='ocrx_word' id='word_1_120' title='bbox 384 1475 508 1551; x_wconf 79' lang='grc' dir='ltr'>διένεμον</span> <span class='ocrx_word' id='word_1_121' title='bbox 521 1473 571 1537; x_wconf 77' lang='grc' dir='ltr'>τάς</span> <span class='ocrx_word' id='word_1_122' title='bbox 585 1473 696 1551; x_wconf 79' lang='grc' dir='ltr'>ψήφους</span> <span class='ocrx_word' id='word_1_123' title='bbox 715 1476 760 1534; x_wconf 82' lang='grc' dir='ltr'>ἐπὶ</span> <span class='ocrx_word' id='word_1_124' title='bbox 775 1479 825 1534; x_wconf 80' lang='grc' dir='ltr'>τοῦ</span> <span class='ocrx_word' id='word_1_125' title='bbox 843 1476 977 1535; x_wconf 90' lang='grc' dir='ltr'>Ποσειδέ-</span> 
     </span>
     <span class='ocr_line' id='line_1_17' title="bbox 175 1563 975 1643; baseline 0 -20"><span class='ocrx_word' id='word_1_126' title='bbox 175 1591 243 1627; x_wconf 92' lang='grc' dir='ltr'>ωνος</span> <span class='ocrx_word' id='word_1_127' title='bbox 263 1568 302 1643; x_wconf 80' lang='grc' dir='ltr'>τῷ</span> <span class='ocrx_word' id='word_1_128' title='bbox 322 1565 417 1642; x_wconf 81' lang='grc' dir='ltr'>βωμῷ,</span> <span class='ocrx_word' id='word_1_129' title='bbox 436 1564 486 1623; x_wconf 78' lang='grc' dir='ltr'>τάν</span> <span class='ocrx_word' id='word_1_130' title='bbox 509 1568 618 1640; x_wconf 82' lang='grc' dir='ltr'>πρῶτον</span> <span class='ocrx_word' id='word_1_131' title='bbox 636 1564 681 1622; x_wconf 86' lang='grc' dir='ltr'>καὶ</span> <span class='ocrx_word' id='word_1_132' title='bbox 702 1563 753 1624; x_wconf 80' lang='grc' dir='ltr'>τάν</span> <span class='ocrx_word' id='word_1_133' title='bbox 771 1563 899 1642; x_wconf 78' lang='grc' dir='ltr'>δεύτερον</span> <span class='ocrx_word' id='word_1_134' title='bbox 922 1565 975 1641; x_wconf 85' lang='grc' dir='ltr'>κρί-</span> 
     </span>
     <span class='ocr_line' id='line_1_18' title="bbox 175 1652 976 1733; baseline 0.001 -21"><span class='ocrx_word' id='word_1_135' title='bbox 175 1679 267 1716; x_wconf 88' lang='grc' dir='ltr'>νοντες</span> <span class='ocrx_word' id='word_1_136' title='bbox 290 1657 319 1710; x_wconf 87' lang='grc' dir='ltr'>ἐκ</span> <span class='ocrx_word' id='word_1_137' title='bbox 341 1652 459 1712; x_wconf 88' lang='grc' dir='ltr'>πάντων·</span> <span class='ocrx_word' id='word_1_138' title='bbox 496 1653 614 1712; x_wconf 78' lang='grc' dir='ltr'>ἐνθαῦτα</span> <span class='ocrx_word' id='word_1_139' title='bbox 637 1655 692 1715; x_wconf 77' lang='grc' dir='ltr'>πᾶς</span> <span class='ocrx_word' id='word_1_140' title='bbox 711 1679 753 1716; x_wconf 88' lang='grc' dir='ltr'>τις</span> <span class='ocrx_word' id='word_1_141' title='bbox 776 1652 867 1712; x_wconf 72' lang='grc' dir='ltr'>αὐτῶν</span> <span class='ocrx_word' id='word_1_142' title='bbox 888 1655 976 1733; x_wconf 77' lang='grc' dir='ltr'>ἑωυτῷ</span> 
     </span>
     <span class='ocr_line' id='line_1_19' title="bbox 176 1739 978 1818; baseline 0.007 -19"><span class='ocrx_word' id='word_1_143' title='bbox 176 1741 281 1801; x_wconf 79' lang='grc' dir='ltr'>ἐτίθετο</span> <span class='ocrx_word' id='word_1_144' title='bbox 302 1741 353 1816; x_wconf 80' lang='grc' dir='ltr'>τήν</span> <span class='ocrx_word' id='word_1_145' title='bbox 374 1745 480 1818; x_wconf 78' lang='grc' dir='ltr'>ψῆφον,</span> <span class='ocrx_word' id='word_1_146' title='bbox 502 1739 585 1804; x_wconf 77' lang='grc' dir='ltr'>αίτάς</span> <span class='ocrx_word' id='word_1_147' title='bbox 606 1741 723 1804; x_wconf 79' lang='grc' dir='ltr'>ἕκαστος</span> <span class='ocrx_word' id='word_1_148' title='bbox 743 1741 844 1802; x_wconf 83' lang='grc' dir='ltr'>δοκέων</span> <span class='ocrx_word' id='word_1_149' title='bbox 864 1739 978 1818; x_wconf 77' lang='grc' dir='ltr'>ἀριστος</span> 
     </span>
     <span class='ocr_line' id='line_1_20' title="bbox 174 1829 978 1910; baseline 0.001 -22"><span class='ocrx_word' id='word_1_150' title='bbox 174 1831 317 1910; x_wconf 88' lang='grc' dir='ltr'>γενέσθαι·</span> <span class='ocrx_word' id='word_1_151' title='bbox 339 1829 452 1906; x_wconf 80' lang='grc' dir='ltr'>δεύτερα</span> <span class='ocrx_word' id='word_1_152' title='bbox 466 1829 503 1899; x_wconf 88' lang='grc' dir='ltr'>δέ,</span> <span class='ocrx_word' id='word_1_153' title='bbox 519 1833 545 1888; x_wconf 86' lang='grc' dir='ltr'>οἶ</span> <span class='ocrx_word' id='word_1_154' title='bbox 558 1830 664 1888; x_wconf 87' lang='grc' dir='ltr'>πολλοὶ</span> <span class='ocrx_word' id='word_1_155' title='bbox 682 1831 883 1900; x_wconf 80' lang='grc' dir='ltr'>συνεξέπιπτον</span> <span class='ocrx_word' id='word_1_156' title='bbox 896 1837 978 1906; x_wconf 84' lang='grc' dir='ltr'>Θεμι·</span> 
     </span>
     <span class='ocr_line' id='line_1_21' title="bbox 176 1918 977 1994; baseline 0.001 -18"><span class='ocrx_word' id='word_1_157' title='bbox 176 1919 299 1977; x_wconf 88' lang='grc' dir='ltr'>στοκλέα</span> <span class='ocrx_word' id='word_1_158' title='bbox 313 1918 455 1993; x_wconf 83' lang='grc' dir='ltr'>κρίνοντες.</span> <span class='ocrx_word' id='word_1_159' title='bbox 493 1920 520 1975; x_wconf 86' lang='grc' dir='ltr'>οἱ</span> <span class='ocrx_word' id='word_1_160' title='bbox 532 1921 584 1993; x_wconf 86' lang='grc' dir='ltr'>μέν</span> <span class='ocrx_word' id='word_1_161' title='bbox 598 1918 631 1992; x_wconf 83' lang='grc' dir='ltr'>δή</span> <span class='ocrx_word' id='word_1_162' title='bbox 646 1923 820 1994; x_wconf 80' lang='grc' dir='ltr'>ἐμουνοῦντο·</span> <span class='ocrx_word' id='word_1_163' title='bbox 841 1926 977 1993; x_wconf 81' lang='grc' dir='ltr'>Θεμιστο-</span> 
     </span>
     <span class='ocr_line' id='line_1_22' title="bbox 176 2004 1024 2082; baseline -0.002 -17"><span class='ocrx_word' id='word_1_164' title='bbox 176 2008 259 2082; x_wconf 90' lang='grc' dir='ltr'>κλέης</span> <span class='ocrx_word' id='word_1_165' title='bbox 279 2007 309 2064; x_wconf 86' lang='grc' dir='ltr'>δέ</span> <span class='ocrx_word' id='word_1_166' title='bbox 327 2005 505 2081; x_wconf 77' lang='grc' dir='ltr'>δευτερείοισι</span> <span class='ocrx_word' id='word_1_167' title='bbox 520 2004 733 2080; x_wconf 75' lang='grc' dir='ltr'>ὑπερεβάλλετο</span> <span class='ocrx_word' id='word_1_168' title='bbox 754 2005 873 2064; x_wconf 87' lang='grc' dir='ltr'>πολλόν.</span> <span class='ocrx_word' id='word_1_169' title='bbox 916 2005 958 2064; x_wconf 78' lang='grc' dir='ltr'>Οὐ</span> <span class='ocrx_word' id='word_1_170' title='bbox 969 2009 1024 2064; x_wconf 40' lang='grc'>12,1</span> 
     </span>
     <span class='ocr_line' id='line_1_23' title="bbox 175 2091 975 2172; baseline 0.001 -20"><span class='ocrx_word' id='word_1_171' title='bbox 175 2095 358 2170; x_wconf 87' lang='grc' dir='ltr'>βουλομένων</span> <span class='ocrx_word' id='word_1_172' title='bbox 374 2093 403 2150; x_wconf 83' lang='grc' dir='ltr'>δὲ</span> <span class='ocrx_word' id='word_1_173' title='bbox 420 2096 509 2152; x_wconf 80' lang='grc' dir='ltr'>ταῦτα</span> <span class='ocrx_word' id='word_1_174' title='bbox 525 2092 626 2168; x_wconf 88' lang='grc' dir='ltr'>κρίνειν</span> <span class='ocrx_word' id='word_1_175' title='bbox 643 2096 698 2152; x_wconf 76' lang='grc' dir='ltr'>τῶν</span> <span class='ocrx_word' id='word_1_176' title='bbox 710 2091 855 2168; x_wconf 86' lang='grc' dir='ltr'>Ἑλλήνων</span> <span class='ocrx_word' id='word_1_177' title='bbox 872 2093 975 2172; x_wconf 79' lang='grc' dir='ltr'>φθόνῳ,</span> 
     </span>
     <span class='ocr_line' id='line_1_24' title="bbox 176 2177 977 2255; baseline 0.002 -17"><span class='ocrx_word' id='word_1_178' title='bbox 176 2180 242 2239; x_wconf 85' lang='grc' dir='ltr'>ἀλλ’</span> <span class='ocrx_word' id='word_1_179' title='bbox 255 2179 462 2240; x_wconf 84' lang='grc' dir='ltr'>ἀποπλωάντων</span> <span class='ocrx_word' id='word_1_180' title='bbox 478 2177 602 2238; x_wconf 77' lang='grc' dir='ltr'>ἑκάστων</span> <span class='ocrx_word' id='word_1_181' title='bbox 619 2183 646 2241; x_wconf 88' lang='grc' dir='ltr'>ἐς</span> <span class='ocrx_word' id='word_1_182' title='bbox 662 2179 713 2255; x_wconf 80' lang='grc' dir='ltr'>τήν</span> <span class='ocrx_word' id='word_1_183' title='bbox 730 2183 834 2238; x_wconf 79' lang='grc' dir='ltr'>ἑωυτῶν</span> <span class='ocrx_word' id='word_1_184' title='bbox 853 2179 977 2255; x_wconf 89' lang='grc' dir='ltr'>ἀκρίτων,</span> 
     </span>
     <span class='ocr_line' id='line_1_25' title="bbox 176 2266 979 2344; baseline 0 -17"><span class='ocrx_word' id='word_1_185' title='bbox 176 2267 249 2344; x_wconf 86' lang='grc' dir='ltr'>ὅμως</span> <span class='ocrx_word' id='word_1_186' title='bbox 272 2268 480 2343; x_wconf 83' lang='grc' dir='ltr'>Θεμιστοκλέης</span> <span class='ocrx_word' id='word_1_187' title='bbox 505 2266 621 2343; x_wconf 79' lang='grc' dir='ltr'>ἐβιάσθη</span> <span class='ocrx_word' id='word_1_188' title='bbox 647 2293 678 2327; x_wconf 90' lang='grc' dir='ltr'>τε</span> <span class='ocrx_word' id='word_1_189' title='bbox 700 2269 746 2325; x_wconf 85' lang='grc' dir='ltr'>καὶ</span> <span class='ocrx_word' id='word_1_190' title='bbox 768 2267 889 2342; x_wconf 71' lang='grc' dir='ltr'>ἐδοξώθη</span> <span class='ocrx_word' id='word_1_191' title='bbox 910 2268 979 2328; x_wconf 88' lang='grc' dir='ltr'>εἶναι</span> 
     </span>
     <span class='ocr_line' id='line_1_26' title="bbox 176 2355 979 2434; baseline 0.002 -20"><span class='ocrx_word' id='word_1_192' title='bbox 176 2355 245 2434; x_wconf 84' lang='grc' dir='ltr'>ἀνήρ</span> <span class='ocrx_word' id='word_1_193' title='bbox 266 2355 377 2415; x_wconf 82' lang='grc' dir='ltr'>πολλδν</span> <span class='ocrx_word' id='word_1_194' title='bbox 392 2355 538 2431; x_wconf 89' lang='grc' dir='ltr'>Ἑλλήνων</span> <span class='ocrx_word' id='word_1_195' title='bbox 558 2355 724 2430; x_wconf 70' lang='grc' dir='ltr'>σοφώτατος</span> <span class='ocrx_word' id='word_1_196' title='bbox 744 2355 796 2415; x_wconf 85' lang='grc' dir='ltr'>οἷνά</span> <span class='ocrx_word' id='word_1_197' title='bbox 814 2361 911 2415; x_wconf 81' lang='grc' dir='ltr'>πᾶσαν</span> <span class='ocrx_word' id='word_1_198' title='bbox 927 2357 979 2432; x_wconf 84' lang='grc' dir='ltr'>τήν</span> 
     </span>
     <span class='ocr_line' id='line_1_27' title="bbox 175 2443 978 2521; baseline 0.002 -18"><span class='ocrx_word' id='word_1_199' title='bbox 175 2443 312 2504; x_wconf 80' lang='grc' dir='ltr'>Ἑλλάδα.</span> <span class='ocrx_word' id='word_1_200' title='bbox 353 2444 396 2504; x_wconf 84' lang='grc' dir='ltr'>ὅτι</span> <span class='ocrx_word' id='word_1_201' title='bbox 416 2444 446 2503; x_wconf 86' lang='grc' dir='ltr'>δέ</span> <span class='ocrx_word' id='word_1_202' title='bbox 467 2447 548 2504; x_wconf 81' lang='grc' dir='ltr'>νικῶν</span> <span class='ocrx_word' id='word_1_203' title='bbox 569 2443 618 2504; x_wconf 74' lang='grc' dir='ltr'>οὐκ</span> <span class='ocrx_word' id='word_1_204' title='bbox 642 2444 758 2521; x_wconf 88' lang='grc' dir='ltr'>ἐτιμήθη</span> <span class='ocrx_word' id='word_1_205' title='bbox 779 2445 849 2521; x_wconf 82' lang='grc' dir='ltr'>πράς</span> <span class='ocrx_word' id='word_1_206' title='bbox 875 2449 929 2504; x_wconf 85' lang='grc' dir='ltr'>τῶν</span> <span class='ocrx_word' id='word_1_207' title='bbox 949 2451 978 2505; x_wconf 90' lang='grc' dir='ltr'>ἐν</span> 
     </span>
     <span class='ocr_line' id='line_1_28' title="bbox 177 2531 978 2612; baseline 0.005 -21"><span class='ocrx_word' id='word_1_208' title='bbox 177 2535 317 2609; x_wconf 80' lang='grc' dir='ltr'>Σαλαμῖνι</span> <span class='ocrx_word' id='word_1_209' title='bbox 340 2531 587 2612; x_wconf 74' lang='grc' dir='ltr'>ναυμαχησάντων,</span> <span class='ocrx_word' id='word_1_210' title='bbox 612 2531 710 2592; x_wconf 78' lang='grc' dir='ltr'>αὐτίκα</span> <span class='ocrx_word' id='word_1_211' title='bbox 737 2532 808 2610; x_wconf 84' lang='grc' dir='ltr'>μετά</span> <span class='ocrx_word' id='word_1_212' title='bbox 835 2537 923 2593; x_wconf 82' lang='grc' dir='ltr'>ταῦτα</span> <span class='ocrx_word' id='word_1_213' title='bbox 951 2539 978 2597; x_wconf 89' lang='grc' dir='ltr'>ἐς</span> 
     </span>
     <span class='ocr_line' id='line_1_29' title="bbox 176 2621 1001 2699; baseline 0 -21"><span class='ocrx_word' id='word_1_214' title='bbox 176 2622 371 2699; x_wconf 88' lang='grc' dir='ltr'>Λακεδαίμονα</span> <span class='ocrx_word' id='word_1_215' title='bbox 397 2621 520 2690; x_wconf 88' lang='grc' dir='ltr'>ἀπίκετο,</span> <span class='ocrx_word' id='word_1_216' title='bbox 542 2621 632 2681; x_wconf 89' lang='grc' dir='ltr'>θέλων</span> <span class='ocrx_word' id='word_1_217' title='bbox 657 2623 815 2698; x_wconf 82' lang='grc' dir='ltr'>τιμηθῆναι·</span> <span class='ocrx_word' id='word_1_218' title='bbox 860 2624 908 2682; x_wconf 90' lang='grc' dir='ltr'>καί</span> <span class='ocrx_word' id='word_1_219' title='bbox 928 2650 1001 2699; x_wconf 91' lang='grc' dir='ltr'>μιν.</span> 
     </span>
     <span class='ocr_line' id='line_1_30' title="bbox 176 2709 978 2791; baseline 0.005 -25"><span class='ocrx_word' id='word_1_220' title='bbox 176 2710 389 2787; x_wconf 84' lang='grc' dir='ltr'>Λακεδαιμόνιοι</span> <span class='ocrx_word' id='word_1_221' title='bbox 411 2713 502 2772; x_wconf 81' lang='grc' dir='ltr'>καλῶς</span> <span class='ocrx_word' id='word_1_222' title='bbox 525 2712 577 2786; x_wconf 83' lang='grc' dir='ltr'>μὲν</span> <span class='ocrx_word' id='word_1_223' title='bbox 599 2709 774 2780; x_wconf 72' lang='grc' dir='ltr'>ἀπεδέξαντο,</span> <span class='ocrx_word' id='word_1_224' title='bbox 798 2712 927 2791; x_wconf 84' lang='grc' dir='ltr'>μεγάλως</span> <span class='ocrx_word' id='word_1_225' title='bbox 948 2711 978 2770; x_wconf 84' lang='grc' dir='ltr'>δὲ</span> 
     </span>
     <span class='ocr_line' id='line_1_31' title="bbox 176 2797 976 2878; baseline 0.003 -23"><span class='ocrx_word' id='word_1_226' title='bbox 176 2799 321 2874; x_wconf 90' lang='grc' dir='ltr'>ἐτίμησαν·</span> <span class='ocrx_word' id='word_1_227' title='bbox 363 2797 495 2875; x_wconf 85' lang='grc' dir='ltr'>ἀρισπήϊα</span> <span class='ocrx_word' id='word_1_228' title='bbox 522 2800 574 2875; x_wconf 88' lang='grc' dir='ltr'>μέν</span> <span class='ocrx_word' id='word_1_229' title='bbox 601 2823 649 2858; x_wconf 92' lang='grc' dir='ltr'>νυν</span> <span class='ocrx_word' id='word_1_230' title='bbox 678 2798 779 2858; x_wconf 81' lang='grc' dir='ltr'>ἔδοσαν</span> <span class='ocrx_word' id='word_1_231' title='bbox 806 2799 976 2878; x_wconf 76' lang='grc' dir='ltr'>Εὐρυβιάδῃ,</span> 
     </span>
     <span class='ocr_line' id='line_1_32' title="bbox 176 2886 977 2964; baseline 0.001 -20"><span class='ocrx_word' id='word_1_232' title='bbox 176 2887 272 2961; x_wconf 90' lang='grc' dir='ltr'>ἐλαίης</span> <span class='ocrx_word' id='word_1_233' title='bbox 292 2888 444 2963; x_wconf 84' lang='grc' dir='ltr'>στέφανον·</span> <span class='ocrx_word' id='word_1_234' title='bbox 468 2888 574 2963; x_wconf 81' lang='grc' dir='ltr'>σοφίης</span> <span class='ocrx_word' id='word_1_235' title='bbox 595 2886 689 2945; x_wconf 77' lang='grc' dir='ltr'>δὲκαὶ</span> <span class='ocrx_word' id='word_1_236' title='bbox 711 2887 873 2962; x_wconf 81' lang='grc' dir='ltr'>δεξιότητος,</span> <span class='ocrx_word' id='word_1_237' title='bbox 895 2895 977 2964; x_wconf 84' lang='grc' dir='ltr'>Θεμι-</span> 
     </span>
     <span class='ocr_line' id='line_1_33' title="bbox 176 2975 979 3054; baseline 0.004 -22"><span class='ocrx_word' id='word_1_238' title='bbox 176 2977 300 3043; x_wconf 65' lang='grc' dir='ltr'>στοκλέι,</span> <span class='ocrx_word' id='word_1_239' title='bbox 316 2976 361 3032; x_wconf 88' lang='grc' dir='ltr'>καὶ</span> <span class='ocrx_word' id='word_1_240' title='bbox 374 2975 461 3054; x_wconf 74' lang='grc' dir='ltr'>τούτῳ</span> <span class='ocrx_word' id='word_1_241' title='bbox 474 2976 618 3050; x_wconf 84' lang='grc' dir='ltr'>στέφανον</span> <span class='ocrx_word' id='word_1_242' title='bbox 631 2977 734 3052; x_wconf 89' lang='grc' dir='ltr'>ἐλαίης·</span> <span class='ocrx_word' id='word_1_243' title='bbox 757 2976 931 3052; x_wconf 87' lang='grc' dir='ltr'>ἐδωρήσαντο</span> <span class='ocrx_word' id='word_1_244' title='bbox 947 2976 979 3035; x_wconf 88' lang='grc' dir='ltr'>δέ</span> 
     </span>
     <span class='ocr_line' id='line_1_34' title="bbox 175 3060 978 3141; baseline 0.004 -21"><span class='ocrx_word' id='word_1_245' title='bbox 175 3087 224 3138; x_wconf 90' lang='grc' dir='ltr'>μιν</span> <span class='ocrx_word' id='word_1_246' title='bbox 240 3060 298 3141; x_wconf 77' lang='grc' dir='ltr'>ὄχῳ</span> <span class='ocrx_word' id='word_1_247' title='bbox 317 3067 355 3140; x_wconf 81' lang='grc' dir='ltr'>τῷ</span> <span class='ocrx_word' id='word_1_248' title='bbox 371 3068 400 3121; x_wconf 90' lang='grc' dir='ltr'>ἐν</span> <span class='ocrx_word' id='word_1_249' title='bbox 417 3062 531 3141; x_wconf 85' lang='grc' dir='ltr'>Σπάρτῃ</span> <span class='ocrx_word' id='word_1_250' title='bbox 552 3063 798 3123; x_wconf 79' lang='grc' dir='ltr'>καλλιστεύσαντι·</span> <span class='ocrx_word' id='word_1_251' title='bbox 821 3063 978 3127; x_wconf 78' lang='grc' dir='ltr'>αἰνέσαντες</span> 
     </span>
     <span class='ocr_line' id='line_1_35' title="bbox 176 3149 976 3230; baseline 0.003 -22"><span class='ocrx_word' id='word_1_252' title='bbox 176 3150 206 3208; x_wconf 89' lang='grc' dir='ltr'>δέ</span> <span class='ocrx_word' id='word_1_253' title='bbox 219 3149 325 3220; x_wconf 84' lang='grc' dir='ltr'>πολλά,</span> <span class='ocrx_word' id='word_1_254' title='bbox 339 3151 525 3229; x_wconf 83' lang='grc' dir='ltr'>προέπεμψαν</span> <span class='ocrx_word' id='word_1_255' title='bbox 538 3151 655 3212; x_wconf 86' lang='grc' dir='ltr'>ἀπιόντα</span> <span class='ocrx_word' id='word_1_256' title='bbox 668 3151 825 3230; x_wconf 86' lang='grc' dir='ltr'>τριηκόσιοι</span> <span class='ocrx_word' id='word_1_257' title='bbox 838 3153 976 3228; x_wconf 76' lang='grc' dir='ltr'>Σπαρτιη·</span> 
     </span>
     <span class='ocr_line' id='line_1_36' title="bbox 175 3236 977 3320; baseline 0.001 -22"><span class='ocrx_word' id='word_1_258' title='bbox 175 3239 243 3298; x_wconf 90' lang='grc' dir='ltr'>τέων</span> <span class='ocrx_word' id='word_1_259' title='bbox 263 3237 389 3320; x_wconf 85' lang='grc' dir='ltr'>λογάδες,</span> <span class='ocrx_word' id='word_1_260' title='bbox 405 3236 481 3298; x_wconf 82' lang='grc' dir='ltr'>οὗτοι</span> <span class='ocrx_word' id='word_1_261' title='bbox 501 3240 580 3317; x_wconf 82' lang='grc' dir='ltr'>οἷπερ</span> <span class='ocrx_word' id='word_1_262' title='bbox 603 3242 698 3302; x_wconf 84' lang='grc' dir='ltr'>ἶππέες</span> <span class='ocrx_word' id='word_1_263' title='bbox 719 3241 872 3313; x_wconf 88' lang='grc' dir='ltr'>καλέονται,</span> <span class='ocrx_word' id='word_1_264' title='bbox 894 3241 977 3319; x_wconf 89' lang='grc' dir='ltr'>μέχρι</span> 
     </span>
     <span class='ocr_line' id='line_1_37' title="bbox 176 3325 978 3409; baseline 0 -22"><span class='ocrx_word' id='word_1_265' title='bbox 176 3327 263 3406; x_wconf 74' lang='grc' dir='ltr'>οὔρων</span> <span class='ocrx_word' id='word_1_266' title='bbox 280 3331 336 3388; x_wconf 84' lang='grc' dir='ltr'>τῶν</span> <span class='ocrx_word' id='word_1_267' title='bbox 356 3332 534 3409; x_wconf 80' lang='grc' dir='ltr'>Τεγεητικῶν.</span> <span class='ocrx_word' id='word_1_268' title='bbox 576 3333 679 3404; x_wconf 85' lang='grc' dir='ltr'>μοῦνον</span> <span class='ocrx_word' id='word_1_269' title='bbox 697 3327 731 3404; x_wconf 82' lang='grc' dir='ltr'>δή</span> <span class='ocrx_word' id='word_1_270' title='bbox 750 3330 851 3387; x_wconf 82' lang='grc' dir='ltr'>τοῦτον</span> <span class='ocrx_word' id='word_1_271' title='bbox 867 3325 978 3387; x_wconf 87' lang='grc' dir='ltr'>πάντων</span> 
     </span>
    </p>
   </div>
   <div class='ocr_carea' id='block_1_2' title="bbox 0 0 1144 3538">
    <p class='ocr_par' dir='ltr' id='par_1_2' title="bbox 0 0 1144 3538">
     <span class='ocr_line' id='line_1_38' title="bbox 0 0 1144 3538; baseline 0 0"><span class='ocrx_word' id='word_1_272' title='bbox 0 0 1144 3538; x_wconf 95' lang='lat' dir='ltr'> </span> 
     </span>
    </p>
   </div>
  </div>
 </body>
</html>
