2278 3538
167 145 211 190 264
478 129 660 176 Ἣυοιουου
878 127 969 193 [νιια

167 213 277 280 πλοῖον,
297 204 374 270 τοῖσι
395 209 543 268 ἐπίστευσε
565 213 651 289 σιγᾶν
671 213 698 272 ές
721 212 818 270 πᾶσαν
838 207 970 286 βάσανον

167 298 391 375 ἀπικνεομένοισι
404 297 440 357 τό
453 296 536 360 αὐτός
549 298 704 356 ε’νετείλατο
714 297 836 372 βασιλέϊ
848 298 968 374 φρόσαι·

166 403 221 448 τῶν
235 387 281 445 καὶ
295 387 418 450 Σίκιννος
437 385 452 445 ό
472 387 577 461 οἰκέτης
596 383 672 447 αὖτις
686 385 803 464 ἐγένετο·
825 385 852 444 οἳ
865 388 928 446 ἐπεί
937 415 969 448 τε

168 474 302 535 ἀπίκοντο
322 473 391 551 πρός
410 472 463 550 τὴν
482 473 620 548 Ἀττικήν,
640 475 667 532 οἱ
682 475 734 548 μὲν
753 475 902 550 κατέμενον
923 478 969 536 ε’πὶ

166 568 205 642 τῷ
224 563 322 641 πλοίῳ,
344 561 469 624 Σίκιννος
489 561 518 620 δὲ
539 560 647 637 ἀναβὰς
667 561 744 637 παρεὶ
764 561 869 635 Ξέρξεα
890 563 969 644 έλεγε

167 652 241 712 τόδε·
263 661 280 686 “
290 650 397 727 ἔπεμψέ
411 675 447 726 με
466 649 675 725 Θεμιστοκλέης
689 648 705 708 ὁ
719 650 868 719 Νεοκλέος,
883 676 969 728 στρα-

167 739 252 820 τηγός
264 741 316 814 μὲν
328 737 482 812 Ἀθηναίων
494 736 564 814 ἀνὴρ
579 736 608 794 δὲ
623 741 677 795 τῶν
690 736 847 815 συμμάχων
859 737 970 798 πόντων

167 827 282 904 ἄριστος
303 826 349 884 καὶ
375 824 549 900 σοφώτατος,
578 823 726 900 φράσοντά
748 850 800 894 τοι,
822 824 864 884 ὅτι
884 832 969 902 Θεμι-

167 915 306 990 στοκλέης
326 913 341 973 ὁ
363 912 518 990 Ἀθηναῖος,
535 913 584 972 σοὶ
603 911 778 989 βουλόμενος
797 911 966 994 ὑπουργέειν,

168 1005 235 1082 έσχε
250 1002 315 1065 τούς
330 1001 475 1078 1Έλληνας
494 1001 545 1064 τὰς
564 1005 632 1076 νῆας
650 1001 842 1076 βουλομένους
863 1000 968 1062 διιόκειν

168 1093 214 1150 καὶ
233 1090 284 1154 τός
311 1095 339 1150 έν
362 1088 567 1169 Ἑλλησπόντῳ
589 1087 714 1169 γεφύρας
736 1088 822 1148 λύειν·
851 1090 897 1148 καὶ
921 1095 968 1149 νῦν

168 1179 226 1239 κατ’
260 1179 383 1258 ἡσυχίην
415 1177 528 1252 πολλὴν
559 1175 696 1253 κομίζεο.”
738 1179 765 1236 οἱ
797 1179 849 1254 μὲν
881 1181 968 1238 ταῦτα

169 1267 342 1346 σημήναντες
355 1265 505 1325 ἀπέπλωον
518 1264 618 1324 ὀπίσω.

123 1359 177 1416 lll
231 1359 268 1415 Οἱ
288 1356 318 1415 δὲ
333 1354 480 1430 Ἕλληνες,
498 1355 560 1412 ε’πεί
573 1379 605 1412 τε
623 1359 679 1428 σφι
697 1351 815 1422 ἀπέδοξε
832 1353 897 1430 μήτ’
911 1360 968 1414 ε’ττι·

169 1445 274 1504 διώκειν
302 1445 341 1504 ἔτι
367 1443 535 1520 προσωτέρω
560 1445 615 1501 τῶν
641 1442 796 1519 βαρβάρων
821 1442 872 1506 ταὶς
891 1447 966 1519 νῆας,

168 1533 238 1609 μήτε
257 1532 406 1591 ε’τιπλαίειν
424 1537 451 1594 ές
470 1531 520 1591 τόν
536 1530 752 1605 Ἑλλήσποντον
766 1531 906 1594 λύσοντας
918 1531 968 1592 τόν

168 1619 264 1698 πόρον,
281 1619 333 1695 τήν
343 1619 463 1695 Ἄνδρον
479 1619 660 1695 περικατέατο
679 1619 797 1688 ἐξελέειν
816 1619 966 1682 ε’θέλοντες·

168 1713 272 1785 πρῶτοι
298 1706 354 1788 γάρ
381 1705 506 1783 Ἄνδριοι
533 1707 687 1781 νησιωτέων
714 1707 869 1782 αἰτηθέντες
898 1708 968 1785 πρός

167 1794 376 1872 Θεμιστοκλέος
388 1793 520 1872 χρήματα
539 1794 588 1853 οὐκ
607 1795 717 1854 ἔδοσαν·
738 1794 815 1854 ἅλλᾶ
833 1803 966 1874 προϊσχο-

168 1885 253 1961 μένου
263 1884 470 1960 Θεμιστοκλέος
480 1881 568 1962 λόγον
581 1882 667 1951 τόνδε,
678 1882 713 1944 αἷς
723 1882 816 1958 ἥκοιεν
825 1882 967 1959 Ἀθηναῖοι

167 1973 231 2050 περὶ
245 1972 360 2035 έωυτοδς
374 1973 482 2050 ἔχοντες
501 1970 549 2030 δύο
566 1970 645 2033 θεοῦς
660 1970 810 2050 μεγάλους,
826 1972 919 2032 Πειθώ
936 1999 967 2032 τε

168 2064 214 2121 καὶ
240 2061 415 2142 Ἀναγκαίην,
437 2059 509 2119 οὕτω
535 2060 568 2118 τέ
594 2065 650 2134 σφι
677 2058 763 2134 κάρτα
791 2060 872 2118 δοτέα
899 2059 967 2120 εἶναι

98 2204 101 2210 ,
167 2149 306 2228 χρήματα,
321 2148 500 2225 ὑπεκρίναντο
514 2147 584 2224 πρός
596 2151 684 2206 ταῦτα
697 2147 833 2226 λέγοντες,
849 2148 884 2211 ὥς
897 2150 967 2208 κατὰ

167 2239 255 2319 λόγον
275 2237 349 2312 ἦσαν
367 2235 420 2311 ἄρα
437 2238 465 2292 αἶ
481 2234 598 2309 Ἀθῆναι
618 2233 742 2314 μεγάλαι
761 2261 793 2294 τε
813 2236 859 2294 καὶ
879 2235 967 2296 εὐδαί-

167 2352 257 2403 μονες,
272 2325 318 2382 καὶ
339 2325 407 2382 θεῶν
427 2326 558 2400 χρηστῶν
574 2321 666 2397 ἥκοιεν
686 2321 724 2380 εὖ·
750 2324 808 2382 ἐπεὶ
825 2322 968 2401 Ἀνδρίους

166 2439 200 2494 γε
209 2413 278 2471 εἶναι
287 2411 436 2492 γεωπείνας
444 2415 471 2472 ἐς
481 2410 515 2468 τὰ
523 2410 645 2488 μέγιστα
659 2409 817 2486 ἀνήκοντας,
832 2412 878 2470 καὶ
888 2413 967 2476 θεοὺς

167 2500 216 2560 δύο
229 2499 388 2577 ἀχρήστους
402 2497 451 2556 οὐκ
465 2497 602 2558 ε’κλείπειν
616 2500 713 2573 σφέων
725 2499 777 2574 τὴν
791 2503 887 2575 νῆσον,
901 2500 967 2559 ἀλλ’

167 2589 220 2647 αἰεὶ
235 2589 425 2665 φιλοχωρέειν,
436 2586 539 2661 Πενίην
552 2613 582 2645 τε
595 2589 639 2645 καὶ
653 2587 834 2667 Ἀμηχανίην·
847 2589 892 2648 καὶ
905 2592 966 2648 τού-

166 2701 221 2735 των
230 2680 285 2735 τῶν
299 2675 367 2734 θεῶν
387 2673 546 2750 ἐπηβόλους
560 2675 655 2738 ἐόντας
667 2674 808 2751 Ἀνδρίους
822 2675 854 2734 οὐ
868 2677 967 2736 δαίσειν

167 2762 308 2842 χρήματα·
337 2761 464 2822 οὐδέκοτε
484 2762 539 2843 γὰρ
560 2768 610 2838 τῆς
626 2767 731 2823 ἑωυτῶν
747 2763 897 2841 ἀδυναμίης
915 2766 968 2841 την

166 2851 320 2928 Ἀθηναίων
333 2850 447 2927 δύναμιν
461 2850 529 2910 εἶναι
544 2851 663 2927 κρέσσω·
682 2848 759 2910 οὗτοι
772 2855 824 2927 μὲν
834 2852 868 2927 δή
879 2857 968 2912 ταῦτα

166 2939 380 3017 ὑποκρινόμενοι
399 2939 445 2997 καὶ
464 2937 496 2997 οὗ
517 2938 610 3000 δόντες
625 2939 662 2998 τό.
679 2929 819 3016 χρήματα,
839 2945 967 3018 ε’πολιορ

121 3028 179 3086 112
189 3028 293 3088 κέοντο.
322 3025 532 3103 Θεμιστοκλέης
546 3025 583 3097 δὲ,
598 3026 630 3085 οὗ
643 3026 698 3107 γοὶρ
710 3027 826 3086 ε’ταόετο
837 3032 967 3088 πλεονεκ-

167 3117 242 3189 τέων,
258 3115 409 3192 έσπέμπων
427 3120 455 3176 ἐς
472 3113 521 3174 τοὶς
534 3112 625 3176 ἄλλος
638 3115 740 3189 νήσους
754 3115 967 3193 ἀπειλητηρίους

167 3202 277 3282 λόγους,
303 3204 376 3261 αἴτεε
402 3200 534 3278 χρήματα
562 3201 606 3259 διὰ
633 3206 688 3261 τῶν
714 3201 803 3261 αὐτῶν
829 3203 966 3286 ἀγγέλων,

167 3290 322 3366 χρεόμενος
338 3290 452 3366 λόγοισι
470 3291 546 3346 τοῖσι
566 3290 611 3345 καὶ
635 3289 704 3365 πρός
724 3288 865 3365 ’Λνδρίους
885 3294 965 3371 ε’χρή-

9 3373 56 3457 h
