2262 3534
161 139 209 184 280
382 135 564 184 ἨΡΟΔΟΤΟΤ
581 134 733 184 OTPANIA.
864 133 967 199 [VHP

160 213 230 290 ἤπερ
244 212 408 293 ὁμολογέειν
421 217 459 290 τῷ
471 216 559 272 ταῦτα
574 214 762 293 ἐργασαμένῳ·
784 213 861 276 αὖτις
875 214 912 284 δὲ,
925 216 958 276 τὸ

159 300 326 377 Ἑλληνικὸν
353 300 398 361 ε’ὁν
426 299 547 377 ὅμαιμόν
573 327 604 361 τε
628 301 674 360 καὶ
698 299 899 381 ὁμόγλωσσον,
914 305 959 364 καὶ

161 389 230 450 θεῶν
249 388 384 466 ἱδρύματά
396 415 428 449 τε
442 388 520 448 κοινὸ
534 390 580 450 καὶ
598 390 701 458 θυσίαι,
715 387 786 465 ἤθεά
798 415 829 448 τε
842 389 959 468 ὁμότρο-

159 503 209 538 πα·
238 479 292 538 τῶν
313 477 451 554 προδότας
473 479 605 558 γενέσθαι
626 475 790 554 Ἀθηναίους
807 478 856 537 οὐκ
874 478 909 538 ἂν
930 478 959 540 εὖ

161 566 228 645 ἔχοι.
272 566 429 626 ἐπίστασθέ
440 591 471 624 τε
484 565 562 634 οὕτω,
578 569 602 624 εἰ
618 565 659 642 μή
674 566 720 625 καὶ
734 566 869 643 πρότερον
883 572 958 647 εἰτνγ-

161 653 260 732 χάνετε
274 653 462 730 ἐπιστάμενοι·
479 651 535 712 ἔστ’
551 651 584 712 ἂν
595 655 641 712 καὶ
655 655 693 718 εἷς
706 659 788 734 περιῇ
798 655 958 730 Ἀθηναίων,

160 740 276 819 μηδαμὰ
291 740 522 821 ὁμολογήσοντας
539 741 626 818 ἡμέας
640 743 739 820 Ξέρξῃ·
762 743 851 820 ὑμέων
863 743 959 820 μέντοι

160 828 345 910 ἀγάμεθα
311 855 362 904 την
383 829 516 905 προνοίην
540 829 591 904 τήν
613 835 640 892 ε’ς
657 829 745 906 ημέας
767 832 893 908 ἔχουσαν,
916 829 959 889 ὅτι

161 915 332 992 προείδετε
314 917 406 993 ημέων
415 917 708 1029 οἰκοφθρρημένων
677 943 754 987 ουτω,
767 918 838 976 ὥστε
852 918 958 994 ἐπιθρέ-

161 1013 213 1083 ψαι
236 1004 384 1065 ε’θελειν
366 1007 458 1082 ημέων
481 1005 545 1068 τούς
569 1007 684 1068 οἰκέτας·
716 1031 761 1063 και
752 1002 847 1082 ὁμῖν
869 1009 920 1082 μὲν
940 999 959 1081 ή

162 1092 243 1172 χάρις
275 1093 495 1170 ἐκπεπλήρωται·
529 1093 613 1169 ἡμέες
642 1093 737 1168 μέντοι
763 1092 960 1168 λιπαρήσομεν

161 1180 231 1241 οὕτω
249 1180 318 1244 ὅκως
338 1179 372 1240 ἂν
390 1182 502 1260 ἔχωμεν,
525 1179 603 1240 οὐδὲν
621 1180 769 1242 λυπέοντες
789 1180 883 1256 ὑμέας·
911 1184 964 1240 νῦν,

161 1269 198 1342 δὲ,
218 1269 253 1332 ὥς
270 1269 340 1328 οὕτω
361 1268 487 1348 ἐχόντων,
508 1267 644 1345 στρατιήν
665 1266 700 1332 ιὸς
718 1266 842 1346 τάχιστα
860 1269 959 1345 ἐκπέμ-

161 1383 236 1416 πετε·
266 1355 301 1420 οἷς
320 1356 375 1437 γὰρ
403 1356 485 1434 ἡμέες
509 1355 663 1433 εἰκάζομεν,
692 1354 741 1414 οὐκ
769 1355 831 1419 ἑκὰς
857 1356 964 1434 χρόνοο

161 1445 299 1521 παρέσται
320 1444 335 1504 ὁ
356 1444 506 1521 βάρβαρος
528 1443 661 1520 ε’σβαλιὸν
689 1449 716 1506 ές
741 1443 793 1520 τήν
814 1444 956 1522 ἡμετέρην,

162 1531 227 1592 ἀλλ’
252 1532 361 1592 ε’πειδὸν
386 1532 510 1609 τάχιστα
536 1532 657 1608 πύθηται
680 1531 732 1606 τήν
755 1531 890 1613 ἀγγολίην
916 1531 965 1592 ὅτι·

162 1618 240 1678 οὐδὲν
270 1619 427 1696 ποιήσομεν
453 1623 508 1679 τῶν
535 1623 637 1682 ἐκεῖνος
663 1618 755 1696 ήμέων
782 1618 957 1695 προσεδέετο.

162 1707 227 1783 πρὶν
251 1705 288 1766 ὧν
308 1711 435 1782 παρεῖναι
457 1710 559 1766 ἐκεῖνον
582 1712 609 1769 ές
632 1706 683 1781 τὴν
709 1706 848 1781 Ἀττικήν,
872 1705 964 1782 ἡμέας1

162 1793 255 1870 καιρός
268 1799 329 1853 ε’στι
342 1795 551 1871 προσβωθῆσαι
565 1799 592 1857 ἐς
605 1794 656 1869 τήν
670 1793 828 1869 Βοιωτίην.”
859 1797 886 1853 οἱ
898 1797 963 1869 μένρ

161 1886 249 1942 ταῦτα
267 1882 489 1960 ὁποκριναμένων
511 1880 664 1957 Ἀθηναίων
688 1880 912 1941 ἀπαλλάσσοντο
931 1885 958 1943 ές

164 1968 305 2048 Σπάρτην.
