2276 3538
167 148 309 211 114-119]
516 148 628 194 ΕΡΔΤΩ.
920 147 966 199 107

165 224 270 288 πάθεος
286 222 396 300 ἥκουσα
413 223 520 283 τοιόνδε
533 223 596 284 τινὰ
608 222 706 304 λόγον·
725 223 811 300 ἀνδρα
823 227 851 283 οἱ
865 224 968 284 δοκέειν

165 313 286 387 ὁπλίτην
300 311 462 386 ἀντιστῆναι
475 312 564 391 μέγαν
577 311 670 370 τοῦτό
684 312 789 390 γένειον
798 311 850 386 τὴν
861 311 935 370 ἀσπί
949 339 967 370 α

166 405 262 459 πᾶσαν
287 399 418 468 σκιάζειν,
441 399 473 456 τό
496 399 525 456 δὲ
554 399 657 474 φάσμα
683 403 765 456 τοῦτο
792 399 891 458 ἑωυτόν
916 402 967 475 μέν

165 489 355 564 παρεξελθεῖν,
369 486 419 545 τάν
436 487 465 544 δὲ
482 490 583 546 ἑωυτοῦ
601 486 784 562 παραστάτην
796 485 966 546 ἀποκτεῖναι·

163 580 252 635 ταῦτα
265 578 317 651 μὲν
332 574 366 648 δὴ
379 573 532 648 Ἐπίζηλον
546 573 688 649 ε’πυθόμην
702 574 804 653 λέγειν.

207 667 293 725 Δᾶτις
317 662 347 721 δὲ
369 661 633 738 πορευόμενοςιῖμα
654 665 692 738 τῷ
714 666 825 740 στρατῷ
846 667 873 724 ές
895 661 1014 738 τήν118

163 749 265 826 Ἀσίην
283 751 346 808 ε’πεί
358 775 390 808 τε
407 750 515 830 ἐγένετο
534 755 563 808 ε’ν
582 749 710 828 Μυκόνῳ,
731 749 785 808 εἶδε
801 748 867 828 ὄψιν
884 755 913 809 ἐν
930 754 968 829 τῷ

163 837 248 918 ὕπνῳ·
271 838 317 897 καὶ
336 836 397 912 ἥτις
414 839 466 913 μὲν
483 836 518 912 ἦν
534 837 553 912 ἡ
570 836 641 914 ὄψις,
657 837 688 896 ού
707 838 828 918 λέγεται·
850 837 918 909 ὅδὲ,
933 837 969 902 ἀς

163 925 253 1002 ἡμέρη
265 925 390 1005 τάχιστα
401 926 555 1002 ἐπέλαμψε,
567 925 684 1000 ζήτησιν
694 927 816 984 ἐποιέετο
826 931 880 986 τῶν
890 931 965 986 νεῶν·
1012 941 1017 946 “

164 1013 249 1090 εῦριδν
262 1015 292 1072 δὲ
307 1019 335 1073 έν
350 1014 490 1090 Φοινίσσῃ
502 1015 546 1089 νηῒ
556 1011 672 1093 ἄγαλμα
681 1013 860 1077 ’Λπόλλωνος
870 1041 966 1092 κεχρυ-

164 1103 298 1177 σωμένον,
314 1100 481 1160 ε’πυνθάνετο
495 1101 592 1161 ὁκόθεν
606 1102 799 1177 σεσυλημένον
811 1102 865 1177 εἷη;
881 1102 965 1162 πυθό-

163 1213 246 1264 μενος
257 1190 286 1247 δὲ
297 1189 328 1258 ἔξ
338 1187 370 1247 οῦ
383 1187 418 1263 ἦν
433 1191 502 1265 ἱροῦ,
517 1190 599 1246 ἔπλεε
609 1192 644 1266 τῇ
655 1192 755 1246 ἑωυτοῦ
766 1189 811 1263 νηῒ
822 1193 849 1250 ές
859 1193 965 1264 Δῆλον,

201 1275 280 1298 λ’)
391 1276 398 1295 Χ

164 1302 210 1334 και
226 1303 346 1335 απικατο
363 1303 417 1357 γαρ
435 1280 586 1351 τηνικαῦτα
605 1279 631 1334 οἱ
651 1275 754 1350 Δήλιοι
768 1274 859 1334 ὀπίσω
874 1281 900 1337 ές
913 1276 965 1351 την

162 1368 259 1438 νῆσον,
283 1365 461 1424 κατατίθεταί
478 1391 509 1422 τε
531 1369 558 1426 ές
580 1362 613 1422 τύ
636 1363 696 1440 ἱρόν
722 1363 755 1422 τὸ
782 1361 898 1443 ἄγαλμα
919 1365 965 1422 καὶ

162 1454 323 1512 ἐντέλλεται
340 1457 417 1512 τοῖσι
436 1452 570 1527 Δηλίοισι
586 1451 743 1532 ἀπαγαγεῖν
756 1451 788 1510 τό
808 1449 923 1531 ἀγαλμα
936 1457 964 1515 ές

162 1539 270 1614 Δήλιον
280 1541 313 1600 τύ
327 1540 470 1615 Θηβαίων·
490 1538 523 1598 τό
538 1539 560 1598 δ’
576 1540 636 1598 ἔστι
650 1541 695 1598 ἐπὶ
710 1539 843 1617 θαλάσσῃ
857 1540 963 1598 Χαλκί-

161 1627 207 1691 δος
229 1629 384 1690 καταντίον.
428 1632 514 1691 Δᾶτις
534 1631 586 1704 μὲν
611 1628 644 1703 δη
664 1633 752 1687 ταῦτα
775 1617 964 1704 ἐντειλάμενος

160 1714 293 1776 ἀπέπλεε.
335 1715 385 1776 τάν
399 1717 428 1774 δὲ
442 1715 589 1792 ἀνδριάντα
602 1720 702 1775 τοῦτον
716 1715 818 1790 Δήλιοι
830 1714 879 1774 ούκ
892 1715 961 1792 ἀπή-

160 1829 256 1885 γαγον,
276 1804 355 1863 ἀλλά
369 1830 418 1880 μιν
432 1802 465 1862 δι’
485 1804 565 1863 ε’τέων
583 1805 672 1864 εἴκοσι
689 1805 813 1879 Θηβαῖοι
833 1803 912 1863 αύτοὶ
932 1811 962 1864 έκ

161 1892 331 1968 θεοπροπίου
349 1893 516 1967 ἐκομίσαντο
536 1893 581 1949 ε’πὶ
598 1891 711 1966 Δήλιον.
756 1891 826 1954 Τοῦς
841 1892 870 1950 δὲ
887 1898 941 1952 τῶν
953 1895 1008 1952 119

160 1977 320 2056 Ἐρετριέων
341 1979 612 2055 ἀνδραποδισμένους
636 1980 722 2041 Δᾶτίς
743 2005 773 2038 τε
796 1980 841 2037 καὶ
863 1978 961 2056 Ἀρτα-

160 2068 264 2143 φέρνης
280 2067 315 2131 ἀς
331 2068 496 2146 προσέσχον
514 2073 540 2129 ές
559 2066 612 2141 την
624 2067 725 2142 Ἀσίην
743 2068 883 2136 πλέοντες,
897 2067 961 2143 ἀνή-

160 2181 249 2235 γαγον
276 2161 303 2219 ές
325 2157 431 2219 Σοῦσα·
460 2154 599 2229 βασιλεῦς
623 2155 652 2213 δὲ
676 2159 801 2230 Δαρεῖος,
825 2155 890 2230 πρὶν
909 2158 961 2231 μὲν

160 2243 355 2320 αἰχμαλώτους
374 2243 506 2324 γενέσθαι
526 2242 590 2304 τοῦς
610 2241 772 2318 Ἐρετριέας,
795 2244 883 2320 ε’νεῖχέ
905 2249 961 2318 σφι

160 2329 249 2389 δεινόν
269 2331 366 2409 χόλον,
389 2330 434 2389 οἶα
455 2329 595 2406 ἀρξόντων
616 2329 722 2406 ἀδικίης
745 2331 885 2408 προτέρων
905 2336 960 2392 τῶν

158 2417 328 2494 Ἐρετριέων·
350 2419 412 2477 ἐπεί
427 2445 458 2477 τε
475 2418 503 2476 δὲ
522 2418 577 2476 εἶδέ
595 2425 686 2493 σφεας
703 2418 879 2497 ἀπαχθέντας
895 2419 959 2497 παρ’

159 2506 259 2565 έωυτὸν
278 2509 324 2564 καὶ
337 2507 511 2584 ὑποχειρίους
526 2509 614 2585 ἑωυτῷ
628 2507 728 2580 έόντας,
745 2509 860 2583 ε’ποίησε
874 2510 959 2570 κακάν

158 2591 233 2652 ἀλλο
248 2594 334 2664 οὐδὲν,
350 2594 427 2653 ἀλλά
446 2601 537 2669 σφεας
555 2600 604 2670 τῆς
622 2598 746 2671 Κισσίης
762 2597 853 2675 χώρης
870 2599 958 2656 κατοί-

159 2707 221 2740 κισε
240 2682 269 2741 έν
289 2684 406 2760 σταθμῷ
425 2686 524 2740 ἑωυτοῦ
537 2687 575 2760 τῷ
589 2682 692 2759 ούνομά
713 2683 773 2743 ἔστι
786 2684 955 2762 Ἀρδέρικκα,

157 2769 213 2828 ἀπό
231 2772 283 2846 μὲν
302 2771 417 2833 Σούσων
434 2769 499 2828 δέκα
518 2771 563 2828 καὶ
578 2771 734 2846 διηκοσίους
750 2773 879 2836 σταδίους
893 2773 958 2834 ἀτέ-

156 2883 244 2936 χοντι,
253 2857 461 2933 τεσσεράκοντα
472 2859 500 2916 δέ
510 2857 565 2917 ἀπό
576 2863 626 2918 τοῦ
637 2861 757 2936 φρέατος
765 2862 797 2921 τό
808 2863 959 2941 παρέχεται

156 2947 311 3021 τριφασίας
333 2945 414 3007 ἰδέας·
443 2947 488 3004 καὶ
508 2947 563 3028 γάρ
585 2947 735 3024 ἄσφαλτον
757 2951 802 3008 καὶ
823 2949 892 3011 ἅλας
914 2951 959 3008 καὶ

158 3041 252 3100 ἔλαιον
267 3040 441 3117 ἀρύσσονται
456 3041 486 3109 ἐξ
498 3041 583 3100 αύτοῦ
594 3043 686 3122 τρόπῳ
697 3044 800 3121 τοιῷδε·
815 3043 959 3101 ἀντλέεται

156 3130 208 3204 μὲν
218 3130 366 3206 κηλωνηίῳ·
385 3128 446 3186 ἀντὶ
456 3129 485 3187 δὲ
495 3135 610 3210 γαυλοῦ,
624 3130 712 3206 ἥμισυ
726 3131 816 3190 ἀσκοῦ
831 3134 857 3187 οἱ
870 3156 957 3204 προσ-

158 3214 272 3274 δέδεται·
312 3216 455 3292 ὑποτύψας
483 3218 511 3276 δὲ
538 3219 625 3297 τούτῳ
653 3218 762 3278 ἀντλέει
789 3218 834 3274 καὶ
864 3218 957 3276 ἔπειτα

157 3304 249 3384 ε’ΥΧέεῑ
270 3309 297 3366 ἐς
318 3303 477 3378 δεξαμενήν·
499 3310 528 3362 ἐκ
549 3305 579 3363 δὲ
596 3305 696 3381 ταύτης
714 3310 741 3366 ές
759 3303 833 3362 ἄλλο
851 3302 958 3381 διαχεό-
