2262 3534
185 119 234 167 κιο
488 115 684 165 ,Ἤτολοτοτ
921 116 986 180 [1x.

186 195 238 270 τὴν
256 193 389 269 Ἀττικήν
408 192 461 254 σόν
483 197 607 270 στρατοῦ
628 194 739 270 πλήθεΐ,
762 194 809 256 καὶ
830 193 988 256 ἀνίστασαν

185 282 250 363 τούς
270 282 381 360 δήμους,
396 281 446 342 οὐκ
468 281 570 346 εἰδότες
591 283 635 342 ἵνα
654 281 814 352 ὑπεξέκειτο
835 283 853 358 ἡ
876 282 988 360 Ἑλένη,

185 370 249 432 τότε
271 371 389 452 λέγουσι
409 369 473 433 τούς
496 371 642 440 Δεκελέας,
661 374 688 429 οἶ
708 371 739 430 δὲ
759 369 843 431 αὐτδν
864 372 989 431 Δέκελον

179 457 343 539 ἀχθόμενόν
360 485 391 518 τε
406 462 442 537 τῇ
460 458 570 534 Θησέος
582 457 658 535 ὕβρι,
675 459 721 517 καὶ
735 459 912 535 δειμαίνοντα
924 460 989 537 περὶ

185 547 265 628 πάσῃ
279 552 315 626 τῇ
326 546 480 623 Ἀθηναίων
493 545 579 626 χάρη,
594 545 804 626 ἐξηγησάμενόν
818 553 874 622 σφι
887 546 921 606 τά
932 551 990 607 πᾶν

187 641 313 717 πρῆγμα,
335 633 552 714 κατηγήσασθαι
575 635 621 693 ε’πὶ
640 634 690 697 τοὶς
709 633 851 710 Ἀφίδνας.
880 635 931 698 τάς
954 629 989 711 δή

185 724 311 793 Τιτακός,
331 722 381 782 ε’ἀν
402 721 554 800 αὐτόχθων,
576 721 774 798 καταπροδιδοῖ
793 723 988 802 Τυνδαρίδῃσι·

184 817 260 874 τοῖσι
274 813 304 871 δὲ
317 813 473 876 Δεκελεῦσι
486 816 515 870 έν
529 810 645 889 Σπάρτῃ
660 809 715 870 ἀπδ
729 811 828 870 τούτου
841 815 892 870 τοῦ
907 813 989 891 ἔργον

185 900 297 975 ἀτελείη
314 925 346 958 τε
367 899 412 957 καὶ
425 899 565 975 ’προεδρίη
587 899 722 959 διατελέει
744 905 771 962 ἐς
790 897 825 958 τό
842 925 855 958 ε
872 899 925 957 αἰεὶ
948 900 989 958 ἔτι

185 992 279 1059 ἐοῦσα,
293 986 364 1047 οὕτω
384 985 457 1046 ὥστε
478 987 524 1045 καὶ
544 992 571 1050 ἐς
590 986 640 1046 τόν
657 987 784 1063 πόλεμον
800 986 850 1046 τόν
869 985 989 1064 ὕστερον

184 1080 323 1137 πολλοῖσι
337 1077 411 1136 ἔτεσι
428 1073 532 1134 τούτων
547 1074 697 1156 γενόμενον
710 1073 890 1150 Ἀθηναίοισί
896 1101 928 1133 τε
942 1077 988 1132 καὶ

185 1164 453 1240 Πελοποννησίοισι,
475 1163 642 1240 σινεομένων
663 1162 716 1238 τήν
740 1161 833 1238 ἄλλην
856 1161 988 1238 Ἀττικήν

138 1253 176 1314 74
184 1252 416 1330 Λακεδαιμονίων,
435 1251 580 1326 Δεκελέης,
596 1251 787 1328 ἀποσχέσθαι.
815 1249 922 1310 Τούτου
938 1250 988 1310 τοῦ

186 1342 275 1418 δήμου
286 1340 336 1400 ἐόν
346 1340 361 1400 ὁ
372 1339 507 1416 Σωφάνης
517 1339 564 1398 καὶ
574 1338 742 1416 ἀριστεύσας
751 1339 816 1398 τότε
825 1338 986 1414 Ἀθηναίων,

186 1430 277 1499 διξοῦς
293 1429 396 1510 λόγους
411 1428 579 1508 λεγομένους
601 1428 666 1506 ἔχει·
687 1426 737 1487 τόν
754 1429 814 1504 μὲν,
832 1425 867 1506 οἷς
888 1431 918 1484 ἐκ
938 1433 988 1486 τοῦ

183 1519 326 1593 ζωστῆρος
338 1521 387 1575 τοῦ
402 1516 525 1592 θώρηκος
541 1515 640 1592 ἐφόρεε
658 1516 766 1594 χαλκέῃ
781 1514 868 1576 ἀλόσι
881 1513 986 1592 δεδεμέ-

183 1631 235 1680 νην
248 1604 369 1684 ἀγκυραν
386 1605 527 1679 σιδηρέην·
543 1603 602 1678 τὴν,
623 1603 691 1666 ὅκως
708 1602 843 1662 πελάσειε
861 1602 987 1662 ἀπικνεό-

184 1719 266 1770 μενος
279 1696 355 1750 τοῖσι
372 1693 544 1768 πολεμίοισι,
567 1693 758 1767 βαλλέσκετο,
779 1691 822 1750 ἵνα
843 1689 877 1769 δή
894 1717 942 1766 μιν
960 1695 988 1750 οἱ

185 1781 316 1857 πολέμιοι
330 1780 507 1854 ἐκπίπτοντες
526 1784 554 1836 ἐκ
572 1783 621 1854 τῆς
637 1778 730 1849 τάξιος
746 1785 931 1856 μετακινῆσαι
946 1780 987 1856 μὴ

184 1867 322 1928 δυναίατο.
351 1868 496 1950 γενομένης
511 1868 540 1926 δὲ
555 1873 646 1948 φυγῆς
660 1873 714 1927 τῶν
729 1868 863 1936 ἐναντίων,
875 1867 988 1927 δέδοκτο

184 1957 236 2034 την
256 1955 378 2038 άγκυραν
398 1955 580 2033 ἀναλαβόντα
602 1955 672 2015 οὕτω
694 1955 808 2014 διώκειν·
837 1953 917 2017 οὗτος
936 1957 988 2032 μὲν

184 2045 254 2106 οὕτω
275 2047 397 2128 λέγεται·
420 2044 435 2104 ό
454 2044 476 2104 δ’
497 2045 589 2122 ἕτερος
607 2049 660 2103 τῶν
677 2043 778 2124 λόγων,
795 2047 834 2122 τῷ
852 2041 988 2120 πρότερον

185 2135 314 2214 λεχθέντι
331 2133 538 2210 ἀμφισβατέων
556 2133 676 2212 λέγεται,
693 2131 727 2194 ἀς
742 2131 783 2190 ἐπ’
797 2129 923 2194 ἀσπίδος
935 2132 988 2190 αἰεὶ

184 2222 367 2300 περιθεούσης
392 2221 437 2280 καὶ
459 2219 567 2298 οὐδαμά
587 2219 788 2297 ἀτρεμιζούσης
810 2219 908 2295 ἐφόρεε
931 2220 987 2278 ε’πί-

185 2337 277 2388 σημον
293 2309 422 2390 ἄγκυραν,
443 2311 489 2367 καὶ
511 2308 560 2368 οὐκ
579 2314 609 2367 ἐκ
625 2313 676 2368 τοῦ
697 2307 820 2385 θώρηκος
843 2307 988 2386 δεδεμένην

136 2404 176 2465 75
185 2399 326 2475 σιδηρέην.
361 2397 447 2456 Ἔστι
468 2398 498 2456 δὲ
520 2398 566 2455 καὶ
588 2398 681 2473 ἕτερον
704 2395 833 2471 Σωφάνεϊ
855 2394 988 2471 λαμπρόν

186 2488 266 2567 ἔργον
290 2485 501 2566 ἐξεργασμένον,
524 2485 567 2544 ὅτι
589 2485 812 2560 περικατημένων
832 2483 989 2558 Ἀθηναίων

185 2575 310 2654 Αἴγιναν,
328 2572 497 2649 Εὐρυβάτην
513 2573 562 2632 τᾶν
575 2572 704 2654 Ἀργεῖον
718 2572 803 2650 ἄνδρα
817 2571 989 2631 πεντάεθλον

185 2667 215 2720 ἐκ
228 2659 403 2738 προκλήσιος
417 2661 561 2736 ἐφόνευσε.
604 2661 687 2720 αὐτόν
702 2661 731 2719 δὲ
749 2659 885 2734 Σωφάνεα
897 2657 989 2738 χρόνῳ

184 2748 302 2826 ὕστερον
314 2747 418 2808 τούτων
437 2750 586 2826 κατέλαβε,
603 2749 688 2826 ἀνδρα
706 2748 855 2829 γενόμενον
873 2745 988 2828 ἀγαθόν,

185 2837 339 2914 Ἀθηναίων
350 2839 558 2919 στρατηγέοντα
572 2837 630 2914 ἅμα
639 2837 756 2918 Λεάγρῳ
766 2842 803 2914 τερ
814 2836 988 2904 Γλαύκωνος,

185 2925 335 2986 ἀποθανεῖν
348 2925 403 2984 όπά
412 2926 542 2985 Ἠδωνῶν
556 2930 584 2984 ἐν
598 2925 681 3003 Δάτιρ
694 2925 758 3000 περὶ
771 2929 826 2983 τῶν
839 2923 990 2999 μετάλλων

185 3019 240 3075 τῶν
259 3016 385 3094 χρυσέων
405 3014 591 3092 μαχεόμενον.

138 3103 176 3164 76
226 3103 274 3166 Ὡς
292 3103 322 3161 δὲ
342 3107 418 3160 τοῖσι
432 3100 559 3175 Ἕλλησι
575 3105 604 3159 ἐν
618 3104 783 3176 Πλαταιῇσι
798 3101 989 3174 κατέστρωντο

186 3193 213 3248 οἱ
224 3191 379 3266 βάρβαροι,
394 3185 511 3248 ἐνθαῦτά
525 3193 581 3262 σφι
592 3188 699 3261 ἐπῆλθε
709 3187 778 3265 γυνὴ
790 3184 955 3260 αὐτόμολος·
971 3183 990 3258 ἣ

185 3277 279 3336 ἐπειδῖ
295 3277 379 3352 ἔμαθε
393 3273 578 3334 ἀπολωλότας
591 3273 656 3334 τούς
670 3273 785 3349 Πέρσας
798 3271 990 3356 καὶνικῶντας
