2268 3536
145 157 274 221 ,ιτ-ου]
504 155 618 206 mm.
819 188 821 191 v
930 157 961 202 69

164 244 266 297 εοῦσαν
286 236 440 314 ἁμαρτάδα,
455 237 630 314 φιλοψυχίην
649 234 757 311 τοιήνδε
777 234 839 296 τινά
856 234 962 312 ἀναιρέ-

164 352 231 384 εται·
268 325 303 388 ώς
334 325 443 406 φεύγων
469 351 500 384 τε
527 323 757 401 κατελαμβάνετο
783 323 837 382 ὑπό
865 322 962 400 α’νδρὸς

164 415 290 491 Πέρσεω,
313 415 358 472 καὶ
387 413 422 475 ώς
449 411 661 489 καταιρεόμενος
683 411 729 470 ὑπ’
751 410 836 470 αύτοῦ
861 413 962 487 ἐμελλε

164 502 451 582 συγκεντηθήσεσθαι,
467 500 595 576 Περσίδα
614 504 753 581 γλῶσσαν
773 501 865 576 μετεὶς
881 527 961 558 κατα-

162 591 263 665 μηνύει
277 589 384 659 ἐωυτδν,
401 589 436 652 ώς
450 591 491 664 εἴη
504 588 636 652 Ἱστιαῖος
650 588 665 648 ὁ
680 587 834 664 Μιλήσιος.
864 592 899 646 Εἰ
912 589 963 664 μέν
972 591 1009 647 30

163 705 211 738 νυν
225 678 260 741 ὥς
274 678 415 758 ἐζωγρήθη
431 677 504 756 ἄχθη
526 676 662 758 ἀγόμενος
675 675 751 752 παρά
764 677 892 752 βασιλέα
907 684 962 734 Δα-

162 771 245 842 ρεῖον,
261 766 277 826 ὁ
292 767 321 825 δέ
335 765 391 826 οὔτ’
407 764 440 825 άν
457 767 542 825 ἔπαθε
563 765 648 826 κακόν
670 764 755 836 οὐδὲν,
771 765 875 824 δοκέειν
893 765 963 841 ἐμοὶ,

162 854 254 931 α’πήκέ
270 855 294 914 τ’
308 854 342 915 ἐν
361 854 433 933 αύτῷ
453 853 504 930 τήν
526 859 624 930 αἰτίην·
646 859 694 914 νῦν
710 855 740 912 δέ
755 880 803 930 μιν
824 853 913 912 αὐτῶν
932 881 964 912 τε

161 944 265 1003 τούτων
289 945 385 1013 εἵνεκα,
410 943 456 1000 καὶ
480 943 524 1001 ἵνα
547 942 586 1018 μή
611 941 753 1023 διαφυγών
778 941 854 1004 αὖτις
876 945 964 1023 μέγας

163 1031 239 1106 παραὶ
261 1033 381 1107 βασιλέϊ
402 1033 524 1111 γένηται,
543 1021 734 1107 Ἀρταφέρνης
754 1056 784 1089 τε
805 1029 820 1088 ό
840 1031 963 1107 Σαρδίων
983 1053 985 1060 ·

163 1117 288 1196 ὕπαρχος
303 1121 348 1176 καὶ
367 1119 381 1176 ὁ
397 1119 496 1193 λαβών
510 1119 664 1199 Ἅρπαγος,
680 1117 715 1181 ώς
733 1117 847 1177 ἀπίκετο
863 1119 963 1199 άγόμε.

164 1229 211 1266 νος
224 1210 251 1266 ἐς
265 1205 372 1281 Σάρδις,
388 1206 420 1264 τά
435 1209 486 1281 μέν
500 1207 583 1265 αὐτοῦ
604 1211 688 1282 σῶμα
707 1205 791 1264 αὐτοῦ
804 1206 890 1284 ταύτῃ
905 1207 964 1266 αἴνε-

165 1292 341 1368 σταύρωσαν,
351 1294 403 1368 τήν
414 1293 443 1350 δέ
454 1294 581 1368 κεφαλήν
593 1293 807 1372 ταριχεύσαντες
821 1293 965 1369 α’νήνεικαν

163 1381 240 1457 παρά
260 1383 388 1456 βασιλέα
404 1385 524 1458 Δαρεῖον
539 1388 565 1444 ἐς
580 1383 687 1445 Σοῦσα.
729 1385 847 1459 Δαρεῖος
865 1383 895 1440 δὲ
914 1410 964 1442 πυ-

164 1469 280 1546 θόμενος
292 1473 380 1528 ταῦτα
399 1471 445 1528 καὶ
460 1469 692 1547 ἐπαιτιησάμενος
704 1469 768 1534 τούς
780 1475 867 1530 ταῦτα
885 1472 964 1548 ποιή-

164 1583 268 1621 σαντας
292 1559 335 1618 ὅτι
359 1586 408 1635 μιν
430 1559 462 1618 ού
484 1558 588 1630 ζώοντα
610 1557 752 1640 ἀνήγαγον
776 1565 803 1622 ἐς
826 1559 890 1638 ὄψιν
913 1561 964 1637 τήν

164 1649 272 1716 ἐαυτοῦ,
286 1647 338 1722 τήν
352 1647 480 1723 κεφαλήν
493 1647 544 1723 τήν
557 1648 691 1712 Ἱστιαίου
703 1648 861 1712 λούσαντάς
873 1676 905 1710 τε
918 1651 964 1708 καὶ

163 1736 394 1810 περιστείλαντας
413 1735 441 1794 εὗ
464 1738 618 1796 ἐνετείλατο
640 1736 736 1815 θάψαι,
752 1736 786 1800 ώς
804 1736 903 1814 α’νδρός
915 1765 962 1814 με·

163 1822 256 1902 γάλως
278 1827 366 1902 ἑωυτῷ
387 1850 417 1882 τε
440 1825 485 1882 καὶ
505 1825 637 1903 Πέρσησι
660 1824 815 1905 εὐεργέτεω.
856 1825 891 1885 τά
912 1829 964 1903 μὲν

164 1912 227 1986 περὶ
246 1910 379 1972 Ἱστιαῖον
400 1911 469 1971 οὕτω
489 1914 564 1992 ἔσχε.

204 1997 237 2057 ‘O
261 2000 290 2058 δὲ
315 2000 441 2063 ναυτικὸς
464 2002 584 2078 στρατὸς
608 2000 624 2060 ό
646 2001 780 2077 Περσέων
802 2001 1007 2078 χειμερίσαςδὶ

164 2088 228 2163 περὶ
244 2089 381 2163 Μίλητον,
396 2093 434 2167 τῷ
455 2090 571 2168 δευτέρῳ
591 2091 644 2148 ἐτεῖ
664 2088 698 2150 ὦς
720 2087 867 2148 άνέπλωσε
888 2088 971 2163 αἱρέει

165 2175 296 2238 εὐπετέως
313 2177 363 2240 τάς
381 2177 484 2252 νήσους
502 2177 552 2240 τοὶς
569 2176 640 2253 πρδς
652 2181 688 2252 τῇ
706 2174 812 2252 ήπείριρ
830 2176 963 2250 κειμένας,

164 2263 235 2324 Χίον
249 2267 294 2323 καὶ
308 2267 425 2340 Λέσβον
440 2266 486 2323 καὶ
499 2266 623 2324 Τένεδον.
666 2263 735 2325 ὅκως
749 2263 778 2321 δὲ
792 2263 880 2338 λάβοι
900 2263 962 2322 τινά.

164 2358 218 2411 τῶν
232 2353 331 2428 νήσων,
347 2353 382 2416 ώς
396 2352 516 2427 ἑκάστην
533 2353 670 2428 αἱρέοντες
691 2355 717 2410 οἱ
732 2351 878 2428 βάρβαροι
900 2357 963 2411 ἐσα-

163 2440 280 2520 γήνευον
290 2442 354 2504 τούς
367 2440 538 2516 α’νθρώπους-
566 2439 766 2520 (σαγηνεύουσι
780 2440 809 2498 δέ
822 2440 901 2501 τόνδε
914 2441 963 2501 τόν

163 2529 277 2604 τρόπον·
299 2529 369 2607 α’νήρ
392 2528 491 2605 ἄνδράς
513 2528 654 2606 ἁψάμενος
674 2533 724 2604 τῆς
745 2529 845 2608 χειρὸς,
865 2535 894 2588 ἐκ
916 2531 962 2589 θα-

163 2615 277 2693 λάσσης
298 2623 349 2693 τῆς
369 2618 489 2694 βορηίης
511 2618 556 2676 ἐπὶ
578 2617 629 2692 τήν
648 2619 741 2693 νοτίην
762 2617 897 2694 διήκουσι,
917 2620 963 2677 καὶ

164 2705 258 2764 ἔπειτα
272 2707 317 2764 διὰ
330 2707 424 2782 πάσης
437 2710 487 2781 τῆς
501 2706 589 2782 νήσου
603 2707 759 2784 διέρχονται
772 2707 964 2782 ἐκθηρεύοντες

163 2793 227 2856 τούς
245 2794 427 2876 ἀνθρώπους.)
469 2796 561 2872 αἵρεον
580 2795 608 2852 δέ
628 2795 673 2854 καὶ
693 2794 742 2856 τάς
763 2800 792 2854 ἐν
807 2821 842 2873 τη
860 2793 963 2874 ἠπείρῳ

163 2879 265 2943 πόλιας
282 2882 333 2947 τάς
346 2882 437 2946 Ἰάδας
454 2884 524 2942 κατὰ
543 2883 579 2942 τά
600 2882 678 2941 αὐτά·
700 2883 776 2958 πλήν
794 2883 843 2942 οὐκ
861 2882 962 2962 ἐσαγή-

164 2993 242 3028 νευον
256 2971 321 3034 τούς
336 2971 505 3048 ἀνθρώπους·
528 2971 559 3029 ού
572 2971 627 3051 γάρ
643 2970 688 3030 οἷά
700 2970 725 3029 τ’
737 2971 781 3046 ἦν.
822 2970 961 3029 Ἐνθαῦτα
970 2973 1009 3027 32

164 3059 298 3133 Περσέων
317 3063 343 3118 οἱ
366 3061 519 3140 στρατηγοὶ
541 3059 590 3118 ούκ
610 3058 764 3137 ἐψεύσαντο
781 3058 831 3120 τοὶς
848 3056 965 3118 ἀπειλάς

164 3145 213 3208 τὰς
234 3149 430 3223 ἐπηπείλησαν
453 3152 528 3207 τοῖσι
547 3147 628 3206 Ἴωσι
648 3145 964 3223 στρατοπεδευομένοισι

163 3237 273 3294 ἐναντία
290 3237 388 3310 σφίσι·
410 3236 445 3300 ώς
458 3236 512 3318 γὰρ
527 3235 561 3311 δή
576 3235 768 3312 ἐπεκράτησαν
780 3237 835 3292 τῶν
848 3233 962 3302 πολίων,

163 3322 264 3386 παῖδάς
276 3349 307 3382 τε
319 3324 384 3387 τούς
396 3324 603 3387 εύειδεστάτους
617 3321 795 3402 ἐκλεγόμενοι
817 3321 964 3394 ἐξέταμνον
