2268 3536
162 145 194 193 ια
470 138 653 188 ἰιιοιοτου
916 140 964 206 [υ.

163 222 289 282 ἐπείθετο
302 221 350 279 καί
361 245 410 297 μιν
423 217 506 291 ἀπίει,
528 216 719 294 ἐντειλάμενος
735 217 818 278 ἐπεὰν
831 218 867 278 τά
879 218 966 281 ύπέσ

108 339 111 344 “
165 311 232 390 χετό
250 314 276 369 οἱ
293 310 422 368 ἐπιτελέα
439 307 556 386 ποιήσῃ,
573 308 780 388 παραγίνεσθαί
791 311 818 367 οἱ
834 308 925 369 ὀπίσω
939 316 967 373 ἐς

163 399 199 458 τά
214 403 318 462 Σοῦσα.

118 491 175 548 108
216 487 265 546 Ἐν
289 484 310 568 ᾧ
334 486 363 545 δέ
386 485 505 566 όγγελίη
526 511 557 545 τε
578 485 641 560 περὶ
664 487 719 543 τῶν
743 485 867 562 Σαρδίων
890 486 966 564 παρά

163 576 289 652 βασιλέα
300 573 385 650 άνήῖε,
400 573 445 632 καὶ
458 577 575 650 Δαρεῖος
587 571 623 632 τό
635 572 699 648 περὶ
709 572 742 631 τό
752 572 833 642 τόξον
843 575 966 651 ποιήσας

163 663 285 742 Ἱστιαίῳ
307 669 334 725 ἐς
355 662 458 742 λόγους
475 659 555 737 ἦλθε,
574 662 620 719 καὶ
638 661 769 724 Ἱστιαῖος
785 664 966 740 μεμετιμένος

165 751 219 812 ύπὸ
250 753 369 828 Δαρείου
397 751 537 826 ἐκομίζετο
562 749 606 808 ἐπὶ
630 749 791 810 θάλασσαν·
824 756 853 810 ἐν
879 753 966 832 τούτῳ

164 841 247 899 παντὶ
260 844 298 917 τῷ
310 838 401 917 χρόνῳ
416 839 521 918 ἐγίνετο
534 837 608 896 τάδε·
622 839 815 915 πολιορκέοντι
825 845 863 918 τῷ
874 841 966 903 Σαλα-

164 929 244 1006 μινίῳ
263 927 408 1006 Ὀνησίλῳ
426 925 633 1002 Ἀμαθουσίους
654 927 861 1007 ἐξαγγέλλεται,
884 929 966 1002 νηυσὶ

166 1015 301 1092 στρατιήν
311 1015 424 1090 πολλήν
438 1013 542 1095 ἄγοντα
553 1013 698 1089 Περσικὴν
707 1013 866 1091 Ἀρτύβιον,
881 1013 966 1092 ἄνδρα

166 1106 290 1181 Πέρσην,
312 1103 504 1181 προσδόκιμον
526 1107 553 1166 ἐς
572 1103 624 1178 την
645 1101 763 1178 Κύπρον
779 1102 857 1161 εἶναι·
881 1102 966 1162 πυθό-

165 1219 247 1269 μενος
268 1193 402 1251 δὲταῦτα
425 1190 441 1250 ό
463 1191 623 1266 Ὀνήσιλος,
645 1190 764 1266 κη’ρυκας
786 1191 919 1268 διέπεμπε
939 1196 966 1254 ἐς

165 1281 217 1358 την
234 1281 340 1356 Ἰωνίην
358 1277 573 1356 ἐπικαλεύμενός
591 1286 691 1354 σφεας*
713 1277 804 1341 Ἴωνες
821 1279 851 1338 δὲ
872 1279 921 1338 ούκ
939 1285 966 1342 ἐς

164 1371 274 1448 μακρὴν
283 1368 511 1445 βουλευσάμενοι
520 1365 590 1443 ἧκον
600 1371 700 1445 πολλῷ
710 1366 815 1446 στόλῳ.
838 1366 926 1430 Ἰωνές
935 1393 966 1427 τε

165 1459 199 1534 δὴ
220 1464 352 1535 παρῆσαν
373 1463 400 1519 ἐς
419 1457 471 1532 τήν
493 1457 616 1533 Κύπρον,
639 1456 684 1513 καὶ
705 1459 732 1513 οἱ
753 1456 863 1530 Πέρσαι
884 1461 968 1534 νηυσὶ

165 1547 313 1622 διαβάντες
330 1552 359 1604 ἐκ
378 1548 428 1622 τῆς
446 1546 575 1620 Κιλικίης
591 1544 676 1620 ἤϊσαν
694 1544 740 1601 ἐπὶ
753 1543 804 1618 την
818 1545 964 1619 Σαλαμῖνα

165 1637 243 1712 πεζῇ·
273 1639 340 1713 τῇσι
363 1634 392 1692 δέ
418 1635 501 1708 νηυσὶ
524 1637 549 1692 οἱ
571 1635 695 1695 Φοίνικες
720 1631 893 1707 περιέπλωον
915 1633 965 1704 την

119 1725 174 1782 109
186 1721 273 1799 άκρην
287 1722 315 1780 οἳ
329 1724 476 1780 καλεῦνται
490 1722 611 1797 Κληΐδες
627 1725 677 1796 τῆς
694 1719 819 1796 Κύπρου.
860 1717 965 1778 Τούτου

165 1811 194 1868 δὲ
202 1810 328 1870 τοιούτου
338 1811 493 1891 γινομένου,
505 1811 602 1878 ἔλεξαν
615 1813 641 1867 οἱ
652 1808 779 1884 τύραννοι
789 1811 839 1882 τῆς
850 1807 965 1884 Κύπρου

166 1900 392 1979 συγκαλέσαντες
404 1902 459 1958 τῶν
471 1897 569 1956 Ἰιύνων
579 1897 643 1959 τούς
653 1894 836 1976 στρατηγούς·
851 1894 965 1973 “ἇνδρες

160 1985 260 2059 Ἴωνες,
275 1989 383 2065 αἵρεσιν
396 1986 461 2064 ύμῖν
475 1985 585 2062 δίδομεν
595 1986 675 2060 ἡμεῖς
689 1988 715 2042 oz
729 1982 859 2060 Κύπριοι,
873 1983 964 2043 ὁκοτέ-

164 2102 241 2152 ροισι
253 2077 398 2153 βούλεσθε
411 2075 634 2152 προσφέρεσθαι,
649 2071 812 2150 ἢΠέρσησι
822 2070 840 2146 τ’)
850 2073 945 2140 Φοίνιξ
957 2105 964 2118 ·

167 2170 190 2224 εἷ
204 2169 256 2243 μέν
272 2166 327 2247 γὰρ
343 2166 413 2242 πεζῇ
429 2161 573 2239 βούλεσθε
589 2163 737 2240 ταχθέντες
756 2161 889 2236 Περσέων
909 2160 966 2218 δια-

164 2258 324 2333 πειρᾶσθαι,
347 2253 403 2331 ὦρη
424 2251 458 2312 ἂν
479 2254 521 2328 εἴη
541 2253 606 2328 ύμῖν
629 2251 766 2326 ἐκβάντας
783 2255 812 2308 ἐκ
829 2253 883 2308 τῶν
898 2254 966 2311 νεῶν

164 2344 324 2404 τάσσεσθαι
343 2345 421 2420 πεζῇ,
435 2342 523 2417 η’μέας
537 2341 566 2399 δέ
580 2346 607 2403 ἐς
619 2340 669 2402 τοὶς
682 2340 745 2401 νέας
761 2340 904 2414 ἐμβαίνειν
916 2337 967 2403 τὰς

164 2432 296 2509 ύμετέρας
316 2431 421 2498 Φοίνιξι
439 2429 714 2510 ἀνταγωνιευμένους·
737 2432 760 2486 εἰ
782 2427 811 2484 δέ
833 2430 966 2488 Φοινίκων

165 2524 287 2595 μᾶλλονΥ
293 2517 438 2595 βούλεσθε
456 2518 660 2594 διαπειρᾶσθαι,
683 2517 786 2574 ποιέειν
801 2516 884 2594 χρεόν
906 2523 966 2575 ἐστι

165 2607 257 2683 ύμέας,
273 2606 399 2687 (ὁκότερα
418 2604 452 2664 ἂν
466 2604 499 2680 δη
518 2605 622 2664 τούτων
637 2605 763 2685 ἐλησθε,)
778 2603 847 2666 ὅκως
860 2604 892 2663 τό
907 2605 965 2662 κατ’

166 2696 250 2771 ὑμέας
273 2693 386 2769 ἐσταιῆ
407 2719 437 2753 τε
459 2693 547 2769 Ἰωνίη
569 2693 615 2751 καὶ
636 2693 651 2752 ὁ
673 2693 788 2770 Κύπρος
809 2690 966 2769 ἐλευθέρη.”

166 2785 245 2843 εἶπαν
261 2783 311 2866 [οἱ]
326 2781 418 2845 Ἴωνες
435 2783 506 2859 πρός
522 2787 619 2842 ταῦτα.
641 2791 659 2818 “
667 2781 754 2858 ἡμέας
768 2780 916 2858 ότι-έπεμψε
932 2779 966 2839 τό

168 2872 259 2932 κοινόν
276 2876 331 2932 τῶν
345 2870 443 2931 Ἰιύνων
457 2871 634 2947 φυλάξοντας
649 2869 702 2946 τήν
720 2869 881 2938 θάλασσαν,
901 2867 966 2926 ἀλλ’

166 2961 215 3020 ούκ
233 2962 276 3021 ἵνα
295 2961 448 3035 Κυπρίοισι
466 2961 516 3022 τας
533 2960 597 3022 νέας
613 2957 784 3035 παραδόντες
801 2956 879 3016 αὐτοὶ
894 2958 966 3033 Πέρ-

167 3077 238 3129 σῃσι
248 3051 317 3128 πεζῇ
328 3049 564 3126 προσφερόμεθα.
582 3047 661 3123 ἡμεῖς
670 3047 722 3122 μέν
732 3072 780 3104 νυν
790 3045 832 3104 ἐπ’
844 3043 875 3104 οὗ
888 3045 966 3121 ἐτάχ-

166 3139 260 3214 θημεν,
277 3138 363 3214 ταύτῃ
379 3136 573 3212 πειρησόμεθα
590 3135 658 3192 εἶναι
676 3133 806 3211 χρηστοί.
831 3133 916 3209 ύμέας
937 3135 966 3188 δὲ

165 3226 248 3303 χρεόν
262 3225 324 3284 ἐστι
338 3224 564 3300 ἀναμνησθέντας
579 3222 624 3279 οἶα
637 3220 776 3298 ἐπάσχετε
791 3219 966 3278 δουλεύοντες

120 3314 177 3371 110
185 3312 255 3388 πρὸς
267 3316 323 3372 τῶν
334 3310 438 3384 Μήδων
447 3309 576 3388 γίνεσθαι
590 3307 690 3378 ἄνδρας
704 3306 850 3386 ἅγαθούς.”
874 3304 966 3366 Ἴωνες
