2268 3536
180 159 209 204 ει
493 156 677 204 ἯΡοΔουον
919 153 979 217 [να

178 234 277 311 μάχων
298 233 513 312 μεμουνωμένοι,
534 234 732 296 διεκπλόοντες
756 239 935 312 ἐναυμάχεον,
954 240 981 300 ἐς

179 320 195 380 ὃ
207 325 262 380 τῶν
275 324 417 399 πολεμίων
436 322 546 386 ἑλόντες
559 323 622 386 νέας
635 323 741 400 συχνὰς
754 321 903 397 ἀπέβαλον
925 327 980 384 τῶν

179 409 325 488 σφετέρων
335 417 402 472 νεῶν
412 412 463 475 ταὶς
476 416 607 475 πλεῦνας.
650 415 716 470 Χῖοι
729 414 780 488 μὲν
794 411 828 486 δὴ
842 416 911 488 τῇσι
924 417 981 472 λοι-

133 501 168 558 16
178 504 251 577 τῇσι
263 504 318 560 τῶν
332 505 399 560 νεῶν
409 499 605 581 ἀποφεύγουσι
619 504 647 562 ἐς
656 498 708 574 τὴν
720 503 835 558 ἑωυτῶν.
863 499 982 566 Ὀσοισι

182 587 211 646 δὲ
229 593 284 648 τῶν
298 590 373 648 Χίων
393 587 522 648 ἀδύνατοι
540 586 615 663 ἦσαν
631 590 660 644 αῖ
673 586 731 649 νέες
748 586 803 646 ὑπό
824 589 981 671 τρωμάτων,Ι

179 674 258 736 οὗτοι
279 678 316 745 δέ,
340 676 375 739 ῶς
397 675 549 743 ἐδιώκοντο,
570 673 818 753 καταφυγγάνουσι
840 674 911 751 πρός
932 677 982 753 τὴν

180 764 329 839 Μυκάλην.
371 765 433 825 νέας
453 765 504 838 μὲν
525 762 559 837 δή
581 761 666 820 αὐτοῦ
686 761 773 838 ταύτῃ
791 765 982 828 ἐποκείλαντες

179 852 339 919 κατέλιπον,
360 854 387 909 οἱ
407 851 437 908 δὲ
457 850 527 927 πεζῇ
546 850 705 924 ἐκομίζοντο
724 849 769 907 διά
790 855 839 923 τῆς
856 849 981 927 ἠπείρου.
1002 868 1004 872 ’

181 939 241 996 ἐπεὶ
259 937 289 995 δὲ
311 939 454 1013 ἐσέβαλον
478 942 505 998 ἐς
526 937 578 1010 τήν
598 936 735 1010 Ἐφεσίην
759 935 935 1012 κομιζόμενοι
956 942 982 996 οἱ

180 1029 254 1098 Χῖοι,
269 1025 366 1088 νυκτός
385 1052 417 1084 τε
437 1025 569 1082 ἀπικέατο
591 1029 618 1086 ἐς
640 1021 726 1097 αὐτὴν
741 1023 786 1080 καὶ
800 1022 898 1082 ἐόντων
913 1028 982 1101 τῇσι

178 1113 288 1192 γυναιξὶ
309 1112 407 1173 αότόθι
428 1112 635 1189 θεσμοφορίων·
658 1112 775 1170 ἐνθαῦτα
797 1110 830 1186 δὴ
853 1114 879 1170 οἱ
899 1110 981 1188 Ἐφέ-

179 1227 245 1276 σιοι,
262 1201 325 1262 οὔτε
338 1199 545 1280 προακηκοότες
559 1199 594 1265 ῶς
607 1201 665 1281 εἶχε
679 1201 743 1278 περὶ
755 1203 810 1260 τῶν
823 1201 898 1259 Χίων
913 1200 980 1261 ἰδόν-

179 1316 224 1353 τες
238 1317 269 1350 τε
290 1292 413 1370 στρατόν
434 1295 461 1354 ἐς
480 1289 533 1366 την
552 1289 646 1369 χώρην
660 1289 872 1366 ἐσβεβληκότα,
886 1289 982 1370 πάγχυ

180 1381 273 1456 σφέας
294 1379 494 1450 καταδόξαντες
515 1379 583 1438 εἶναι
605 1383 718 1442 κλῶπας
732 1379 778 1437 καὶ
793 1379 861 1438 ἰέναι
876 1379 920 1436 ἐπὶ
933 1379 982 1442 τάς

179 1473 319 1546 γυναῖκας,
345 1467 512 1543 ἐξεβοήθεον
539 1467 676 1542 πανδημεὶ
704 1467 750 1525 καὶ
774 1467 892 1525 ἔκτεινον
918 1466 982 1530 τοῦς

180 1557 277 1618 Χίους.

134 1643 169 1702 17
222 1641 309 1702 Οὗτοι
335 1643 387 1718 μέν
414 1667 462 1701 νυν
488 1641 635 1718 τοιαύτῃσι
662 1644 843 1717 περιέπιπτον
869 1642 981 1720 τύχῃσι.

181 1730 329 1792 Διονύσιος
352 1729 412 1788 δέό
434 1728 561 1792 Φωκαεθς
582 1729 643 1788 ἐπεί
658 1755 689 1788 τε
711 1731 795 1805 ἔμαθε
815 1735 869 1788 τῶν
884 1729 982 1790 Ἰώνων

172 1817 214 1885 1τά
241 1817 393 1896 πρήγματα
410 1817 617 1894 διεφθαρμένα,
643 1819 705 1880 νέας
732 1817 803 1876 ἐλῶν
829 1821 902 1894 τρεῖς
927 1822 981 1878 τῶν

181 1907 323 1982 πολεμίων
339 1904 471 1972 ἀπέπλεε,
487 1910 514 1967 ἐς
527 1909 578 1982 μὲν
592 1905 720 1965 Φώκαιαν
741 1905 841 1974 οὐκέτι,
857 1906 886 1964 εὖ
907 1907 982 1970 εἶδῶς

181 1993 216 2056 ῶς
237 1993 460 2071 ἀνδραποδιεῖται
481 1992 534 2051 σόν
556 2019 589 2070 τη
615 1991 691 2070 ἄλλη
708 1993 806 2071 Ἰωνίη·
828 1993 892 2051 ὅδὲ
906 1995 982 2058 ἰθέως

182 2082 217 2146 ῶς
230 2083 288 2163 εἶχε
302 2083 392 2142 ἐπλωε
403 2087 429 2144 ἐς
443 2082 582 2156 Φοινίκην·
596 2080 717 2160 γαύλους
728 2082 757 2138 δὲ
769 2081 886 2140 ἐνθαῦτα
900 2107 981 2138 κατα-

181 2170 266 2235 δύσας
288 2171 332 2232 καὶ
349 2169 481 2250 χρήματα
502 2168 603 2244 λαβῶν
623 2167 728 2241 πολλῶ,
749 2169 838 2226 ἔπλωε
859 2173 886 2229 ἐς
905 2170 981 2230 Σικε-

181 2261 254 2334 λίην·
277 2260 451 2337 όρμεῶμενος
471 2260 500 2317 δὲ
521 2258 647 2318 ἐνθεῦτεν
668 2257 788 2336 ληϊστής
807 2256 980 2332 κατεστήκεε,

180 2347 323 2422 Ἑλλήνων
343 2351 394 2424 μὲν
416 2348 533 2416 οὐδενός,
549 2347 748 2424 Καρχηδονίων
764 2347 793 2406 δέ
815 2347 861 2404 καὶ
874 2351 981 2422 Τυρση-

181 2439 243 2493 νῶν.
923 2443 926 2448 ’

135 2525 172 2582 18
224 2524 261 2578 Οἱ
280 2521 308 2578 δὲ
326 2522 438 2596 Πέρσαι
460 2523 522 2580 ἐπεί
541 2548 571 2581 τε
592 2526 627 2600 τῇ
648 2523 787 2599 ναυμαχίη
808 2524 902 2581 ἐνίκων
919 2524 981 2586 τούς

175 2607 281 2677 Ἴωνας,
295 2607 347 2682 τὴν
364 2609 495 2683 Μίλητον
517 2611 728 2685 πολιορκέοντες
747 2615 777 2666 ἐκ
794 2613 848 2688 γῆς
868 2611 914 2666 καὶ
936 2611 981 2668 θα-

181 2695 303 2770 λάσσης,
321 2697 367 2753 καὶ
388 2695 597 2772 ὑπορύσσοντες
617 2697 652 2754 τῶ
668 2701 763 2774 τείχεα
784 2697 829 2754 καὶ
849 2697 981 2758 παντοίας

181 2783 308 2860 μηχανάς
330 2783 548 2859 προσφέροντες,
572 2783 697 2858 αἱρέουσι
720 2781 777 2840 κατ’
799 2780 892 2857 ἄκρης,
916 2783 983 2861 ἕκτῳ

182 2872 236 2930 ἔτεϊ
262 2869 320 2930 α’πά
347 2874 397 2945 τῆς
423 2868 601 2931 ἀποστάσιος
621 2875 671 2943 τῆς
691 2868 909 2949 Ἀρισταγόρεω·
937 2871 982 2929 καὶ

181 2958 421 3037 ἠνδραποδίσαντο
434 2957 486 3033 την
499 2957 584 3016 πόλιν
606 2956 678 3016 ὥστε
697 2958 866 3034 συμπεσέειν
882 2958 914 3018 τό
930 2959 982 3019 πά-

136 3050 172 3108 19
183 3051 231 3111 θος
243 3051 281 3127 τῷ
294 3048 455 3126 χρηστηρίῳ
468 3050 506 3125 τῷ
521 3051 548 3109 ἐς
562 3046 693 3122 Μίλητον
701 3047 849 3127 γενομένῳ.
891 3055 981 3124 Χρεω-

182 3138 293 3213 μένοισι
314 3137 366 3216 γάρ
380 3135 535 3215 Ἀργείοισι
557 3141 586 3194 ἐν
601 3139 745 3208 Δελφοῖσι
766 3136 829 3212 περὶ
846 3139 982 3212 σωτηρίης

173 3229 232 3300 Ιτῆς
253 3225 352 3285 πόλιος
374 3227 425 3298 τῆς
447 3224 595 3300 σφετέρης,
612 3223 739 3302 ἐχρήσθη
761 3225 897 3284 ἐπίκοινον
915 3251 982 3302 χρη-

231 3310 239 3331 Ι
348 3309 356 3332 λ

183 3336 308 3389 στηριον·
322 3335 356 3371 το
370 3312 421 3386 μὲν
435 3315 462 3372 ἐς
476 3309 575 3374 αὐτούς
588 3313 652 3375 τούς
664 3313 807 3393 Ἀργείους
822 3314 917 3389 φέρον,
931 3312 983 3389 την
