2276 3538
174 145 219 192 104
476 123 659 188 Ἦνόιουοτ
909 133 970 200 [v1.

172 220 352 297 Καλλίμαχε,
368 218 429 277 ἔστι
446 214 695 293 ἢκαταδουλῶσαι
710 213 838 290 Ἀθήνας,
857 213 876 290 ἢ
898 218 973 273 ἔλευ-

172 308 254 383 θέρας
266 305 426 382 ποιήσαντα
437 305 604 382 μνημόσυνα
613 304 747 362 λιπέσθαι
762 307 789 364 ές
801 301 850 362 τόν
864 301 976 361 ἅπαντα

171 394 321 471 ἀνθρώπων
337 395 412 470 βίον,
430 395 478 452 οἶα
495 393 557 452 οὐδὲ
573 390 720 468 Ἁρμόδιός
736 415 769 448 τε
787 392 832 448 καὶ
845 390 976 465 Ἀριστο-

171 484 269 564 γείτων
279 483 420 542 λείπουσι·
435 486 486 541 νῦν
492 480 548 561 γάρ
559 479 603 554 δη,
614 479 644 547 ἐξ
652 475 685 536 οὗ
697 479 823 558 ἐγένοντο
830 477 977 554 Ἀθηναῖοι

173 576 201 635 ές
222 572 346 631 κίνδυνον
367 569 470 644 ἥκουσι
490 569 634 648 μέγιστον·
665 567 710 624 καὶ
728 565 763 640 ἢν
784 567 835 641 μέν
856 593 889 647 γε
908 565 975 624 ὕπο-

173 659 283 737 κύψωσι
296 664 372 718 τοῖσι
387 657 520 731 Μήδοισι,
536 655 662 714 δῶοκται
674 653 712 712 τά
726 655 873 713 πείσονται
887 681 975 731 παρα·

174 748 316 823 δεδομένοι
332 745 438 820 Ἱππίῃ·
460 742 494 818 ἦν
513 744 542 801 δὲ
559 743 738 822 περιγένηται
755 741 824 817 αὕτη
845 742 864 817 ἦ
884 743 976 814 πόλις,

174 836 220 908 οἵη
231 836 265 893 τέ
276 840 340 892 ἔστι
350 831 447 908 πράτη
458 835 515 890 τῶν
526 830 699 905 Ἐλληνίδων
711 831 818 888 πολίων
834 831 977 910 γενέσθαι.

174 926 227 984 κῶς
241 921 279 980 ὧν
292 920 327 996 δη
338 924 427 980 ταῦτα
441 919 487 978 οἷά
498 920 534 978 τέ
544 924 607 978 ε’στι
623 918 763 999 γενέσθαι,
778 919 823 975 καὶ
837 923 889 982 κῶς
903 925 930 980 ές
942 920 980 978 σέ

173 1035 202 1069 τι
214 1008 320 1068 τούτων
332 1008 430 1083 άνήκει
440 1011 495 1066 τῶν
507 1007 678 1086 πρηγμάτων
692 1005 727 1065 τό
740 1009 822 1081 κῦρος
835 1007 914 1085 ἔχειν,
930 1012 979 1066 νῦν

175 1097 291 1176 ἔρχομαι
304 1096 431 1174 φράσων·
447 1095 539 1172 ἡμέων
552 1099 607 1154 τῶν
621 1099 787 1173 στρατηγῶν
800 1095 899 1154 ε’όντων
913 1095 980 1152 δέκα

176 1185 241 1264 δίχα
260 1186 384 1266 γίνονται
403 1188 433 1242 αἱ
447 1189 563 1265 γνῶμαι·
585 1187 640 1241 τῶν
656 1185 708 1257 μὲν
727 1181 894 1242 κελευόντων
908 1209 979 1259 συμ-

174 1275 301 1350 βαλέειν,
324 1278 380 1335 τιδν
401 1274 431 1332 δὲ
451 1272 486 1330 οὗ
504 1269 719 1353 [συμβαλέειν]·
744 1268 779 1345 ἢν
798 1271 851 1345 μέν
870 1297 918 1330 νυν
937 1271 981 1347 μή

177 1363 379 1438 συμβάλωμεν,
394 1361 521 1436 ἔλπομαί
536 1386 600 1418 τινα
624 1358 729 1418 στάσιν
749 1357 879 1438 μεγάλην
897 1363 980 1435 ε’μπε·

176 1453 287 1509 σοῦσαν
304 1449 458 1508 διασείσειν
480 1447 515 1505 τά
537 1447 692 1520 Ἀθηναίων
711 1445 886 1522 φρονήματα,
907 1446 982 1506 ὥστε

177 1536 304 1612 μηδίσαι·
332 1535 367 1611 ἢν
389 1536 420 1592 δὲ
445 1534 642 1610 συμβάλωμεν
662 1535 728 1610 πρίν
748 1559 778 1591 τι
800 1535 846 1592 καὶ
873 1535 982 1612 σαθρόν

176 1623 332 1698 Ἀθηναίων
350 1622 554 1698 μετεξετέροισι
582 1622 752 1702 ἐγγενέσθαι,
776 1623 844 1681 θεῶν
870 1623 905 1680 τά
929 1623 981 1682 ἴσα

178 1711 326 1788 νεμόντων,
346 1711 451 1770 οἷοίτε
472 1712 546 1785 εἰμὲν
566 1711 763 1790 περιγενέσθαι
777 1714 814 1788 τῇ
831 1713 982 1790 συμβολῇ,

178 1803 266 1859 ταῦτα
280 1799 316 1859 ὧν
329 1799 419 1858 πάντα
433 1803 461 1860 ές
474 1801 508 1856 σὲ
522 1803 572 1858 νῦν
583 1799 672 1866 τείνει,
688 1799 732 1856 καὶ
747 1804 778 1856 ἐκ
790 1799 840 1856 σέο
854 1797 981 1875 άρτηται,

178 1885 214 1961 ἢν
224 1887 282 1967 γάρ
300 1887 339 1946 σδ
350 1885 446 1968 γνιόμῃ
460 1890 560 1965 τῇὲμῇ
573 1887 696 1964 προσθῇ,
710 1887 771 1945 ἔστι
783 1913 826 1944 τοι
840 1889 938 1963 πατρίς
950 1913 983 1946 τε

180 1975 312 2051 ἐλευθέρη
327 1975 372 2034 καὶ
386 1975 470 2037 πόλις
485 1975 581 2050 πρώτη
593 1978 652 2034 τῶν
663 1980 691 2032 ἔν
703 1979 741 2051 τῇ
756 1973 883 2032 Ἑλλάδι·
904 1973 938 2049 ἢν
952 1975 983 2034 δὲ

179 2062 231 2138 τήν
243 2067 298 2122 τῶν
314 2061 549 2122 ἀποσπευδόντων
561 2061 612 2137 τὴν
626 2062 780 2138 συμβολήν
794 2062 852 2140 ἕλῃ,
866 2063 984 2139 ὑπάρξει

138 2153 192 2210 110
204 2177 248 2210 τοι
265 2157 319 2212 τῶν
333 2152 389 2232 ε’γολ
401 2150 537 2219 κατέλεξα
550 2149 665 2231 άγαθῶν
675 2150 711 2209 τά
725 2149 859 2210 ε’ναντία.”
889 2156 985 2210 Ταῦτα

182 2239 272 2320 λέγων
294 2235 310 2298 ό
333 2239 491 2314 Μιλτιάδης
513 2241 689 2315 προσκτᾶται
712 2239 762 2297 τόν
782 2241 983 2318 Καλλίμαχον·

182 2328 409 2407 προσγενομένης
440 2327 470 2384 δὲ
500 2331 552 2384 τοῦ
577 2325 762 2404 πολεμάρχου
786 2331 836 2402 τῆς
862 2327 982 2408 γνώμης,

181 2413 331 2493 ε’κεκόρρπο
346 2413 539 2489 συμβάλλειν·
566 2414 637 2489 μετά
657 2416 694 2484 δὲ,
709 2419 736 2474 οἱ
753 2417 909 2496 στρατηγοὶ
929 2419 985 2473 τῶν

180 2500 308 2580 ἦγνιόμη
323 2503 404 2576 ἔφερε
423 2501 615 2576 συμβάλλειν,
630 2503 664 2564 ὡς
684 2503 805 2562 ε’κάστου
822 2502 912 2562 αὐτῶν
930 2504 984 2582 ε’γί-

181 2614 244 2647 νετο
261 2589 417 2664 πρυτανηίη
432 2593 485 2664 τῆς
501 2589 615 2666 η’μέρης,
635 2591 778 2668 Μιλτιάδῃ
798 2591 986 2667 παρεδῶοσαν

182 2675 242 2734 ὅδὲ
255 2675 400 2752 δεκόμενος
420 2676 480 2736 οὔτι
494 2704 532 2735 κω
551 2678 706 2754 συμβολήν
723 2680 855 2746 ε’ποιέετο,
869 2679 934 2754 πρίν
951 2703 986 2758 γε

183 2763 217 2838 δὴ
232 2762 318 2822 αὐτοῦ
331 2766 485 2846 πρυτανηίη
500 2766 616 2844 ἐγένετο.

138 2854 191 2911 lll
236 2851 284 2914 Ὡς
298 2852 327 2910 δὲ
341 2857 369 2914 ές
381 2856 484 2911 ε’κεῖνον
497 2853 640 2928 περιῆλθε,
653 2854 771 2912 ε’νθαΰτα
784 2853 818 2927 δή
830 2852 987 2912 ἐτάσσοντο

185 2937 236 2998 ὧδε
261 2940 405 3016 Ἀθηναῖοι
432 2939 467 3002 ὦς
494 2941 714 3016 συμβαλέοντες·
746 2945 796 2999 τοῦ
819 2944 870 3016 μὲν
896 2942 987 3010 δεξιοῦ

185 3029 277 3106 κέρεος
303 3029 402 3110 ἡγέετο
422 3033 438 3090 ὁ
463 3029 642 3104 πολέμαρχος
666 3029 864 3106 Καλλίμαχος·
894 3028 911 3088 ά
931 3027 988 3108 γάρ

186 3116 271 3192 νόμος
290 3117 353 3174 τότε
375 3116 433 3194 εἶχε
450 3114 522 3172 οότω
541 3120 617 3170 τοῖσι
633 3114 818 3190 Ἀθηναίοισι,
836 3117 886 3176 τόν
903 3117 986 3174 πολέ-

185 3227 295 3280 μαρχον
312 3203 383 3277 ἔχειν
402 3202 482 3275 κέρας
499 3199 532 3257 τό
550 3199 647 3267 δεξιόν·
674 3201 829 3282 ἡγεομένου
844 3204 874 3260 δὲ
889 3204 987 3261 τούτου

186 3288 343 3358 ἐξεδέκοντο
362 3286 397 3350 ὦς
413 3286 579 3363 ἀριθμέοντο
597 3291 626 3346 αἱ
645 3292 734 3364 φυλαὶ
751 3291 881 3368 ἐχόμεναι
900 3289 986 3363 άλλη-
