2276 3538
159 161 268 226 ιτ-ιο]
470 159 653 208 nomm.
912 162 959 210 143

157 248 208 317 τῆς
232 241 382 315 θαλάσσης
406 241 468 298 ἐστὶ
491 239 579 315 λιμήν
600 243 736 303 τοσοῦτος
759 239 901 318 οόδαμόθι,
924 241 959 306 ώς

157 330 212 410 ἐγώ
237 329 340 399 εἰκάζω,
363 327 441 390 ὅστις
462 329 636 408 ἐγειρομένου
656 333 791 406 χειμῶνος
813 329 959 406 δεξάμενός

156 443 208 476 σευ
230 421 312 476 τοῦτο
333 415 366 476 τό
388 415 523 486 ναυτικόν,
542 417 695 497 φερέγγυος
717 418 796 476 ἔσται
818 419 958 479 διασῶσαι

156 506 205 568 τός
228 506 299 568 νέας·
322 505 370 563 καί
388 529 432 565 τοι
451 504 511 563 οὐκὶ
531 505 578 564 ἕνα
596 503 680 564 αὐτόν
697 505 739 564 δεῖ
759 504 828 564 εἶναι
847 507 897 566 τόν
914 511 957 566 λι-

156 595 234 668 μένα,
258 592 335 652 ἀλλὰ
355 593 431 670 παραὶ
455 597 551 652 πᾶσαν
568 593 619 668 την
638 592 760 670 ἤπειρον,
779 592 844 670 παρ’
865 593 899 669 ἣν
921 594 955 670 δή

156 684 274 757 κομίεαι·
297 681 346 740 οὐκ
369 680 405 740 αἰν
449 681 457 703 x
477 681 575 740 ἐόντων
595 708 639 740 τοι
660 681 779 758 λιμένων
799 680 957 752 ὖποδεξίων,

155 771 228 846 μόθε
248 770 290 830 ὅτι
311 773 340 828 αἱ
358 770 504 846 συμφοραὶ
522 775 577 828 τῶν
598 769 748 845 ἀνθρώπων
768 769 889 848 ἄρχουσι
910 772 955 829 καὶ

156 857 216 916 οὐκὶ
238 858 381 935 ὥνθρωποι
394 861 449 917 τῶν
462 859 641 934 συμφορέων·
663 859 709 918 καὶ
721 847 757 928 δὴ
769 862 823 918 τῶν
844 858 893 918 δύο
913 885 957 918 τοι

155 949 205 1004 τοῦ
228 947 321 1022 ἐτέρου
344 946 495 1022 εἰρημένου,
509 945 542 1006 τό
563 945 656 1022 ἕτερον
678 947 794 1025 ἔρχομαι
807 947 897 1023 ἐρέων·
919 950 957 1027 γῆ

155 1033 189 1109 δὴ
203 1035 326 1112 πολεμίη
339 1033 407 1111 τῇδέ
418 1059 463 1092 τοι
477 1034 649 1093 κατίσταται·
672 1038 695 1092 εἰ
710 1033 802 1094 ἐθέλοι
815 1061 859 1094 τοι
869 1035 956 1111 μηδὲν

154 1121 282 1192 ἀντίξοον
303 1125 483 1197 καταστῆναι,
497 1121 623 1200 τοσούτῳ
637 1148 681 1182 τοι
693 1122 799 1202 γίνεται
819 1127 956 1198 πολεμιω-

153 1211 220 1286 τέρη
240 1209 298 1290 ὅσῳ
319 1208 353 1270 ἂν
375 1210 531 1287 προβαίνῃς
555 1210 700 1286 ἑκαστέρω,
724 1209 757 1268 τό
779 1209 877 1285 πρόσω
902 1211 956 1270 αἰεὶ

155 1298 349 1375 κλεπτόμενος,
381 1297 529 1373 εὐπρηξίης
552 1297 607 1377 γιὶρ
634 1296 683 1354 οὐκ
708 1298 768 1356 ἐστι
792 1296 964 1374 ἀνθρώποισι

154 1385 268 1462 οὐδεμία
289 1386 434 1462 πληθώρη.
478 1386 523 1444 καὶ
536 1385 571 1460 δή
585 1411 636 1454 τοι,
652 1384 686 1448 ώς
701 1384 811 1448 οὐδενός
824 1389 955 1446 ἐναντιευ·

153 1475 245 1549 μένου,
273 1475 346 1555 λέγω
370 1474 422 1550 τὴν
445 1473 538 1552 χώρην
561 1477 670 1532 πλεῦνα
694 1479 722 1532 ἐν
744 1477 842 1533 πλεῦνι
864 1473 956 1554 χρόνῳ

153 1564 301 1640 γινομένην
325 1562 410 1638 λιμόν
434 1562 573 1631 τέξεσθαι.
615 1560 684 1638 όνὴρ
709 1562 738 1620 δὲ
761 1560 831 1620 οὕτω
854 1560 889 1621 ἂν
913 1563 955 1639 εἴη

153 1647 274 1726 ἄριστος,
296 1655 319 1708 εἰ
336 1649 544 1726 βουλευόμενος
559 1653 611 1726 μὲν
632 1649 771 1726 ἀρρωδέοι,
789 1654 845 1710 πᾶν
864 1653 953 1710 ἐπιλε·

152 1736 270 1818 γόμενος
291 1739 442 1798 πείσεσθαι
463 1743 567 1816 χρῆμα,
590 1743 618 1798 ἐν
643 1737 731 1817 δέ.τῷ
754 1739 823 1819 ἔργῳ
846 1738 951 1814 θρασδς

153 1824 220 1900 εἴη.”
261 1825 426 1903 Ἀμείβεται
448 1827 553 1901 Ξέρξης
574 1826 679 1885 τοῖσδε·
704 1825 896 1903 “Ἀρτώβανε,
917 1832 954 1886 οἰ·
962 1830 1002 1886 50

154 1912 238 1976 κότως
251 1918 302 1991 μὲν
316 1915 398 1995 σύγε
412 1914 515 1973 τούτων
529 1915 635 1974 ἐκαστα
651 1915 777 1990 διαιρέαι·
798 1914 868 1990 α’τόρ
883 1914 954 1990 μήτε

152 2000 243 2062 πάντα
258 2004 359 2077 φοβέο,
376 2002 447 2078 μήτε
465 2006 521 2061 πᾶν
541 2001 642 2078 ὁμοίως
656 2004 793 2082 ἐπιλέγεο·
816 2007 839 2060 εἰ
851 2002 906 2081 γὰρ
920 2001 954 2080 δὴ

151 2090 272 2164 βούλοιο
292 2091 338 2148 ἐπὶ
351 2095 389 2167 τῷ
402 2091 455 2147 αἰεὶ
469 2090 683 2168 ἐπεσφερομένῳ
696 2089 840 2169 πρήγματι
853 2087 885 2147 τό
898 2093 955 2149 πᾶν

152 2177 253 2249 ὁμοίως
276 2179 464 2257 ἐπιλέγεσθαι,
495 2176 641 2250 ποιήσειας
667 2175 701 2235 ἂν
729 2175 837 2252 οὐδαμᾶ
865 2175 952 2235 οὐδέν·

152 2266 276 2341 κρέσσον
304 2265 332 2322 δέ
360 2264 451 2322 πάντα
478 2264 634 2340 θαρσέοντα
660 2262 750 2340 ἥμισυ
776 2266 831 2322 τῶν
860 2263 954 2324 δεινῶν

151 2351 275 2430 πάσχειν
291 2356 413 2427 μᾶλλον,
427 2350 446 2424 ἦ
459 2356 516 2410 πᾶν
529 2355 626 2429 χρῆμα
646 2351 877 2428 προδειμαίνοντα
896 2377 950 2428 μη-

152 2439 227 2516 δαμὰ
247 2439 332 2515 μηδὲν
350 2440 459 2498 παθεῖν·
482 2439 548 2498 εἰδὲ
562 2438 656 2516 ἐρίζων
671 2439 741 2517 πρός
754 2444 811 2499 πᾶν
823 2439 856 2500 τό
871 2440 952 2522 λεγό-

150 2553 244 2604 μενον,
258 2525 299 2604 μή
315 2526 348 2587 τό
362 2528 485 2603 βέβαιον
506 2526 656 2597 ἀποδέξεις,
671 2527 858 2603 σφάλλεσθαι
877 2527 952 2605 όφεί-

151 2621 210 2679 λεις
234 2621 263 2676 ἐν
286 2615 397 2675 αὐτοῖσι
421 2615 522 2692 ὁμοίως
546 2616 591 2674 καὶ
615 2615 630 2676 ὁ
654 2615 802 2676 ὑπεναντία
825 2615 951 2676 τούτοισι

152 2703 243 2772 λέξας.
284 2709 367 2764 τοῦτο
386 2705 438 2780 μέν
459 2731 507 2764 νυν
528 2705 627 2776 ἐπίσης
648 2706 714 2782 ἔχει·
737 2705 835 2764 εἰδέναι
856 2705 886 2764 δέ
906 2704 952 2766 ἅν·

152 2791 262 2866 θρωπον
281 2791 360 2852 ἐόντα
382 2797 434 2855 κῶς
454 2792 509 2870 χρὴ
530 2791 562 2852 τό
582 2794 721 2868 βέβαιον;
745 2792 829 2852 δοκέω
842 2796 893 2870 μὲν
907 2791 951 2852 οό-

151 2877 252 2954 δαμῶς.
293 2885 370 2940 τοῖσι
390 2882 484 2940 τοίνυν
504 2882 708 2956 βουλομένοισι
729 2881 839 2950 ποιέειν,
862 2880 898 2944 ὦς
918 2879 951 2940 τό

151 2968 253 3027 ἐπίπαν
267 2971 359 3043 φιλέει
372 2970 502 3049 γίνεσθαι
513 2968 549 3028 τό
563 2969 669 3045 κέρδεα·
689 2972 766 3028 τοῖσι
779 2969 808 3027 δὲ
822 2972 949 3048 ἐπιλεγο-

150 3055 264 3131 μένοισί
273 3079 304 3113 τε
316 3055 408 3115 πάντα
422 3057 467 3114 καὶ
480 3055 599 3134 ὄκνεῦσι,
615 3055 648 3116 οὔ
661 3056 741 3132 μάλα
755 3055 854 3128 ἐθέλει.
884 3053 951 3133 ὁρᾷς

151 3141 186 3201 τό
199 3143 333 3219 Περσέων
352 3143 503 3223 πρήγματα
524 3150 551 3208 ἐς
565 3144 581 3204 ὃ
595 3144 724 3220 δυνάμιος
742 3140 948 3219 προκεχώρηκε·

152 3235 175 3290 εἰ
197 3235 290 3291 τοίνυν
312 3235 409 3290 ἐκεῖνοι
433 3234 459 3290 οἱ
480 3232 534 3308 πρό
556 3237 621 3309 ἐμεῦ
644 3231 789 3312 γενόμενοι
812 3231 949 3304 βασιλέες

152 3319 279 3399 γνώμῃσι
298 3319 427 3396 ἐχρέοντο
445 3318 561 3398 ὁμοίῃσι
580 3320 625 3378 καὶ
644 3316 723 3392 σδ,ἢ
743 3315 783 3393 μή
804 3317 950 3396 χρεόμενοι
