2262 3534
169 135 217 185 ιιι
474 132 657 181 Ἤτοιοτοτ
905 131 969 196 [lx.

129 210 369 275 112άπιόλεσας.”
408 209 458 270 Ἑν
471 209 500 268 δέ
513 208 600 288 τούτῳ
617 213 655 287 τῷ
668 209 713 268 διὰ
725 212 816 286 μέσου
834 209 925 289 χρόνῳ
943 216 972 271 ἐν

174 304 212 378 τῷ
238 300 343 376 Ξέρξης
369 303 408 378 τῷ
434 297 562 375 ἀδελφεῷ
594 297 741 377 διελέγετο,
774 298 793 372 ἡ
814 297 974 376 ’Ἄμηστρις

174 389 413 466 μεταπεμψαμένη
426 387 489 449 τούς
503 383 675 462 δορυφόρους
688 389 737 444 τοῦ
750 386 865 461 Ξέρξεω,
881 387 974 445 διαλυ-

174 477 301 553 μαίνεται
314 475 365 552 τὴν
378 479 494 555 γυναῖκα
507 473 558 548 τήν
569 475 734 532 Μασίστεω·
751 473 816 538 τούς
828 501 859 534 τε
871 475 975 551 μαζούς

176 563 362 640 ἀποταμοῦσα
381 563 445 622 κυσὶ
462 562 616 638 προέβαλε,
634 563 679 620 καὶ
699 565 770 638 ῥῖνα,
785 563 831 621 καὶ
850 563 913 631 ὦτα,
928 564 975 622 καὶ

176 653 282 730 χείλεα·
304 652 350 710 καὶ
366 654 505 732 γλῶσσαν
523 653 690 726 ἐκταμοῦσα,
707 655 734 713 ἐς
751 650 826 710 οἶκόν
838 676 888 726 μιν
905 650 974 710 α’πο-

130 741 301 817 113πέμπει
317 738 585 815 διαλελυμασμένην.
627 737 661 795 ‘O
679 738 708 796 δὲ
725 739 878 814 Μασίστης
896 739 975 799 ούδέν

177 855 214 886 κω
229 827 352 903 α’κηκοιύς
364 825 474 900 τούτων,
490 826 643 900 ἐλπόμενος
657 826 688 884 δέ
704 826 735 885 τί
749 830 776 885 οἱ
793 825 878 902 κακόν
896 827 973 897 εἶναι,

179 917 308 974 ἐσπίπτει
328 913 420 993 δρόμῳ
442 918 469 976 ἐς
485 913 521 973 τά
539 915 620 972 οἰκία·
642 913 705 974 ἲδιδν
721 914 751 973 δέ
771 915 975 992 διεφθαρμένην

176 1005 227 1079 τήν
244 1007 367 1084 γυναῖκα,
383 1003 481 1062 αὐτίκα
497 1002 567 1078 μετά
583 1006 671 1061 ταῦτα
689 1003 975 1080 συμβουλευσόμενος

176 1095 253 1152 τοῖσι
278 1092 370 1162 παισὶ,
398 1091 543 1168 ἐπορεύετο
571 1095 598 1153 ἐς
625 1089 738 1168 Βάκτρα
765 1091 818 1150 σύν
843 1117 874 1151 τε
899 1095 976 1152 τοῖσι

178 1184 277 1240 ἐωυτοῦ
290 1184 377 1240 υἱοῖσι
390 1180 436 1238 καὶ
452 1179 486 1255 δή
504 1179 554 1238 κού
571 1204 630 1238 τισι
649 1179 694 1237 καὶ
710 1177 835 1250 ἄλλοισι,
856 1179 891 1243 ιύς
908 1179 976 1240 άπο·

180 1269 294 1345 στήσων
317 1267 404 1345 νομόν
425 1268 475 1328 τόν
496 1266 642 1346 Βάκτριον,
667 1267 713 1326 καὶ
736 1267 862 1344 ποιήσων
876 1267 912 1327 τά
929 1270 976 1345 μέ-

176 1383 263 1438 γιστα
290 1361 380 1417 κακῶν
405 1356 542 1432 βασιλέα·
569 1355 657 1432 τόπερ
677 1353 711 1414 ἂν
731 1356 777 1414 καὶ
805 1357 921 1436 ἐγένετο,
943 1355 977 1418 ιύς

181 1447 243 1523 ἐμοὶ
256 1447 367 1516 δοκέειν,
387 1448 462 1523 εἴπερ
479 1447 553 1521 ἔφθη
573 1444 681 1520 ἀναβάς
699 1449 727 1506 ἐς
744 1444 809 1508 τούς
825 1445 978 1522 Βακτρίους

178 1535 224 1593 καὶ
244 1535 308 1597 τούς
329 1534 430 1599 Σάκας·
452 1534 498 1591 καὶ
518 1532 572 1614 γάρ
595 1532 726 1613 ἔστεργόν
746 1533 778 1591 τέ
797 1559 854 1609 μιν,
877 1533 923 1591 καὶ
943 1532 978 1608 ἦν

178 1621 303 1701 ὕπαρχος
316 1627 370 1681 τῶν
381 1622 532 1696 Βακτρίων·
547 1621 624 1678 άλλά
637 1621 691 1701 γάρ
706 1621 811 1697 Ξέρξης
823 1620 978 1696 πυθόμενος

178 1713 265 1768 ταῦτα
286 1713 388 1769 ἐκεῖνον
406 1708 582 1785 πρήσσοντα,
598 1709 710 1784 πέμψας
729 1707 771 1766 ἐπ’
790 1708 874 1768 αύτὸν
893 1733 978 1784 στρα-

178 1796 248 1872 τιῆν,
263 1800 292 1855 ἐν
304 1800 340 1875 τῇ
354 1795 407 1875 ὁδῷ
426 1796 580 1855 κατέκτεινε
594 1795 678 1854 αύτόν
690 1821 721 1855 τε
735 1800 838 1855 ἐκεῖνον
856 1795 902 1854 καὶ
915 1795 978 1858 τούς

179 1884 280 1948 παῖδας
300 1883 384 1944 αύτοῦ
403 1885 449 1944 καὶ
466 1883 518 1959 τήν
536 1882 673 1960 στρατιήν
687 1882 739 1959 τήν
755 1885 866 1943 ἐκείνου.
909 1883 979 1944 κατά

179 1975 230 2050 μὲν
243 1973 293 2033 τόν
306 1974 393 2050 ἔρωτα
407 1971 458 2033 τόν
476 1972 583 2048 Ξέρξεω
602 1971 648 2030 καὶ
664 1969 714 2031 τόν
727 1972 883 2032 Μασίστεω
897 1971 980 2032 θάνα-

179 2089 228 2123 τον
241 2066 366 2122 τοσαῦτα
379 2062 496 2142 ἐγένετο.

135 2152 192 2211 114
235 2153 272 2209 Οἱ
285 2150 314 2208 δὲ
328 2155 358 2208 ἐκ
372 2149 510 2225 Μυκάλης
529 2148 697 2226 ὁρμηθέντες
707 2147 847 2224 Ἕλληνες
860 2146 902 2207 ἐπ’
915 2147 979 2206 Έλ-

180 2238 343 2314 λησπόντου
364 2242 473 2314 πρῶτον
493 2240 544 2313 μὲν
567 2237 631 2312 περὶ
658 2236 764 2297 Λεκτόν
791 2236 900 2313 ὅρμεον,
924 2235 980 2295 ύπό

181 2325 288 2403 άνέμων
316 2325 557 2402 ἀπολαμφθέντες·
589 2325 715 2384 ἐνθεῦτεν
741 2325 771 2384 δὲ
794 2324 927 2384 άπίκοντο
954 2329 981 2386 ἐς

176 2412 312 2490 Ἀβυδον,
334 2415 379 2472 καὶ
397 2413 446 2476 τοὶς
467 2412 592 2492 γεφύρας
613 2409 692 2490 εὗρον
714 2412 913 2489 διαλελυμένας
932 2411 981 2475 τοῖς

182 2500 291 2560 ἐδόκεον
313 2500 441 2577 εὑρήσειν
464 2501 503 2560 ἔτι
525 2501 712 2576 ἐντεταμένας·
744 2501 789 2559 καὶ
808 2500 913 2560 τούτων
932 2498 982 2560 ούκ

181 2587 284 2664 ἥκιστα
298 2589 399 2648 εἵνεκεν
412 2593 439 2650 ἐς
452 2587 502 2649 τόν
511 2588 727 2664 Ἑλλήσποντον
737 2588 879 2649 άπίκοντο.
906 2592 982 2648 τοῖσι

182 2676 234 2753 μέν
254 2701 302 2736 νυν
326 2675 401 2752 ἀμφὶ
424 2676 595 2755 Λευτυχίδεα
619 2678 880 2753 Πελοποννησίοισι
907 2676 983 2746 ἔδοξε

182 2762 336 2824 άποπλέειν
352 2769 379 2827 ἐς
395 2764 447 2840 τήν
459 2763 595 2824 Ἑλλάδα·
617 2763 792 2842 Ἀθηναίοισι
810 2765 840 2824 δέ
854 2766 899 2823 καὶ
913 2766 982 2826 Ξαν-

184 2853 277 2930 θίππῳ
294 2857 333 2930 τῷ
350 2857 499 2933 στρατηγῷ
517 2851 601 2912 αύτοῦ
619 2853 819 2929 ὑπομείναντας
831 2854 984 2930 πειρᾶσθαι

185 2943 236 3016 τῆς
249 2939 443 3016 Χερσονήσου.
480 2942 567 3017 οἱμὲν
577 2940 611 3016 δή
625 2940 777 3001 άπέπλεον·
790 2942 935 3016 Ἀθηναῖοι
946 2939 983 3008 δέ,

185 3031 214 3086 ἐκ
222 3031 273 3102 τῆς
281 3026 405 3104 Ἀβύδου
415 3027 562 3103 διαβάντες
572 3032 600 3089 ἐς
608 3027 660 3102 τήν
671 3029 863 3105 Χερσόνησον,
873 3027 985 3104 Σηστόν

138 3114 195 3172 115
205 3114 393 3192 ἐπολιόρκεον.
427 3115 475 3178 Ἐς
488 3115 518 3173 δέ
530 3113 582 3189 τήν
596 3115 708 3189 Σηστόν
719 3115 830 3191 ταύτην,
844 3115 879 3179 ὦς
893 3116 985 3178 ἐόντος

186 3202 371 3278 ἰσχυροτάτου
378 3203 485 3281 τείχεος
492 3206 547 3261 τῶν
554 3201 649 3279 ταύτῃ,
658 3203 809 3277 συνῆλθον,
816 3203 852 3266 ὦς
860 3202 986 3279 ἤκουσαν

185 3291 313 3362 παρεῖναι
330 3288 548 3364 τούςἝλληνας
567 3293 595 3350 ἐς
609 3288 659 3346 τάν
670 3289 896 3364 Ἑλλήσποντον,
911 3291 941 3348 ἐκ
955 3315 986 3349 τε
