2276 3538
226 138 272 184 ιυο
529 138 712 186 mmor
960 137 1022 202 [v1.

225 215 320 292 ἄνδρες
337 219 392 276 τοῖν
413 215 508 276 α’στοῖν
530 217 648 292 δόκιμοι,
666 215 831 292 προδιδοῦσι
852 219 930 276 τοῖσι
950 218 1024 294 Πέρ

225 329 305 380 σῃσι·
327 305 399 363 οἶδὲ
420 299 582 368 ἐσελθόντες
596 310 623 368 ἐς
636 303 687 380 τήν
705 304 798 373 πόλιν,
812 309 896 364 τοῦτο
916 308 968 382 μὲν
988 307 1022 366 τά

227 392 272 468 ἶρά
296 392 473 468 συλήσαντες
501 394 656 469 ἐνέπρησαν
683 391 894 468 ἀποτιννόμενοι
917 397 971 452 τοῖν
995 400 1023 452 ἐν

224 480 343 558 Σάρδισι
364 483 587 541 κατακαυθέντων
609 483 681 556 ἱρῶν,
695 484 777 539 τοῦτο
795 480 824 538 δέ
841 479 906 542 τοῦς
920 479 1022 558 ἀνθρώ-

222 595 291 632 πους
303 569 544 646 ἠνδραποδίσαντο
559 569 629 627 κατά
642 567 692 630 τάς
705 569 825 643 Δαρείου
839 568 961 631 ἐντολάς.

177 656 233 716 102
284 657 492 734 Χειρωσάμενοι
511 657 540 715 δὲ
559 656 612 732 τήν
628 655 771 733 Ἐρέτριαν
791 657 836 713 καὶ
857 655 1022 734 ἐπισχόντες

223 745 322 826 ὀλίγας
335 745 447 821 ἡμέρας,
462 747 563 804 ἔπλεον
579 750 606 806 ἐς
621 745 673 819 τήν
690 743 827 819 Ἀττικήν,
843 745 1022 824 κατέργοντές

224 859 255 891 τε
278 833 397 902 πολλόν,
423 833 468 890 καὶ
492 833 632 896 δοκέοντες
658 831 745 891 ταῦτά
772 831 836 894 τοῦς
859 831 1020 906 Ἀθηναίους

224 921 353 996 ποιήσειν
373 921 409 980 τά
432 921 477 978 καὶ
497 921 561 984 τοῦς
580 920 735 997 Ἐρετριέας
754 920 898 995 ἐποίησαν·
921 921 966 978 καὶ
986 920 1020 995 ἢν

223 1008 276 1088 γάρ
298 1007 313 1067 ό
334 1009 477 1086 Μαραθιῦν
499 1009 713 1085 ἐπιτηδειότατον
733 1008 836 1086 χωρίον
859 1011 909 1083 τῆς
930 1007 1020 1066 Ἀττι-

226 1100 275 1172 κῆς
295 1101 460 1157 ἐνιππεῦσαι
477 1099 521 1156 καὶ
535 1097 681 1178 ἀγχοτάτω
694 1101 743 1172 τῆς
755 1095 903 1172 Ἐρετρίης,
919 1100 946 1157 ἐς
958 1101 1019 1154 τοῦ·

176 1187 232 1245 103
244 1185 277 1245 τό
290 1187 509 1266 σφιικατηγέετο
522 1185 633 1261 Ἱππίης
647 1183 894 1260 όΠεισιστράτεω.
937 1183 1018 1260 Ἀθη-

222 1277 294 1345 ναῖοι
314 1275 344 1334 δὲ
358 1274 393 1338 ιός
407 1274 540 1334 ἐπύθοντο
560 1278 656 1342 ταῦτα,
672 1272 808 1349 ἐβοήθεον
829 1273 874 1329 καὶ
894 1271 972 1330 αὐτοὶ
993 1279 1018 1334 ἐς

221 1361 270 1422 τόν
283 1364 455 1440 Μαραθῶνα·
476 1362 546 1443 ἦγον
560 1362 591 1420 δέ
603 1369 694 1436 σφεας
708 1361 861 1440 στρατηγοὶ
878 1359 950 1428 δέκα,
964 1365 1018 1419 τοῖν

222 1449 237 1510 ὀ
259 1451 371 1514 δέκατος
392 1450 426 1526 ἦν
447 1450 614 1525 Μιλτιάδης·
635 1453 685 1506 τοῦ
706 1448 755 1507 τόν
776 1448 882 1523 πατέρα
903 1449 1018 1523 Κίμωνα

221 1537 270 1596 τόν
284 1536 470 1618 Στησαγόρεω
490 1537 632 1612 κατέλαβε
646 1539 746 1616 φυγεῖν
760 1535 790 1604 ἐξ
801 1533 939 1610 Ἀθηνέων
952 1541 1017 1594 Πει-

222 1625 376 1701 σίστρατον
401 1624 451 1684 τόν
476 1623 683 1700 Ἱπποκράτεος·
714 1623 760 1682 καῖ
786 1623 858 1700 αὐτῷ
887 1622 1018 1704 φεύγοντι

222 1711 382 1788 ὀλυμπιάδα
403 1712 553 1772 ἀνελέσθαι
565 1712 707 1790 τεθρίππῳ
720 1713 837 1787 συνέβη,
852 1711 897 1768 καὶ
916 1710 1019 1786 ταύτην

221 1802 272 1878 μὲν
293 1800 344 1876 τὴν
365 1801 443 1876 νίκην
463 1799 630 1876 ἀνελόμενόν
650 1826 698 1877 μιν
720 1798 808 1858 τώυτό
833 1799 1019 1868 ἐξενείκασθαι

221 1893 260 1968 τῷ
291 1889 450 1969 ὁμομητρίῳ
481 1888 609 1967 ἀδελφεῷ
635 1887 792 1964 Μιλτιάδῃ·
821 1887 891 1964 μετά
918 1886 955 1954 δέ,
983 1915 1019 1966 ,ῃ

221 1977 325 2057 ῦστέρῃ
345 1977 496 2054 ὀλυμπιάδι
514 1981 583 2056 τῇσι
596 1976 699 2054 αῦτῇσι
713 1976 825 2034 ἵπποισι
838 1977 918 2034 νικῶν
931 2001 1019 2052 παρα-

222 2065 293 2125 διδοῖ
315 2065 512 2144 Πεισιστράτῳ
539 2065 770 2142 ἀνακηρυχθῆναι,
796 2063 841 2121 καὶ
864 2062 915 2138 τὴν
941 2063 1019 2138 νίκην

221 2155 316 2231 παρεὶς
336 2154 424 2234 τούτῳ
445 2154 568 2229 κατῆλθε
590 2153 635 2212 ἐπὶ
654 2151 690 2210 τοὶ
711 2155 810 2210 ἑωυτοῦ
831 2149 1018 2214 ῦπόσπονδος·

156 2252 158 2255 ’
222 2245 271 2302 καί
293 2271 342 2319 μιν
368 2241 535 2318 ἀνελόμενον
564 2244 632 2318 τῇσι
658 2239 760 2318 αῦτῇσι
788 2239 900 2298 ἵπποισι
926 2237 1020 2316 ἀλλην

221 2331 381 2408 ὀλυμπιάδα
411 2331 552 2404 κατέλαβε
581 2326 731 2388 ἀποθανεῖν
757 2327 811 2386 ῦπό
839 2331 893 2386 τῶν
921 2334 1021 2386 Πεισι-

222 2418 343 2494 στράτου
370 2419 483 2486 παίδων,
511 2415 602 2475 οάκέτι
628 2416 784 2492 περιεόντος
808 2414 893 2474 αῦτοῦ
922 2421 1021 2474 Πεισι-

221 2505 352 2581 στράτου·
367 2506 505 2564 κτείνουσι
519 2504 548 2562 δὲ
562 2501 641 2563 οὗτοί
652 2529 699 2580 μιν
714 2503 783 2562 κατά
796 2503 829 2563 τό
842 2503 1021 2580 πρυτανήϊον,

221 2593 317 2654 νυκτός
329 2592 492 2654 ῦπείσαντες
506 2590 613 2668 ἄνδρας.
655 2592 790 2650 τέθαπται
809 2591 838 2650 δὲ
852 2591 951 2667 Κίμων
965 2593 1022 2668 πρό

221 2684 271 2739 τοῦ
291 2679 399 2748 ἄστεος,
413 2679 500 2756 πέρην
514 2683 563 2755 τῆς
577 2679 622 2738 διά
636 2681 744 2755 Κοίλης
758 2679 928 2755 καλεομένης
944 2675 1021 2738 όδοῦ·

222 2768 367 2828 καταντίον
377 2767 399 2826 δ’
411 2766 494 2827 αὐτοῦ
510 2771 538 2826 αἱ
553 2768 632 2826 ἵπποι
646 2767 801 2841 τεθάφαται
815 2764 896 2826 αὗται
906 2770 936 2826 αῖ
948 2771 1022 2842 τρεῖς

222 2855 395 2933 ὀλυμπιάδας
409 2854 582 2932 ἀνελόμεναι.
624 2854 759 2929 ἐποιήσαν
773 2855 802 2913 δὲ
816 2855 862 2912 καὶ
875 2853 963 2912 ἄλλαι
978 2855 1022 2912 ἵπ-

222 2970 271 3002 ποι
288 2943 341 3018 ἥδη
359 2943 446 3002 τώυτό
464 2948 557 3010 τοῦτο,
570 2941 718 3021 Εὐαγόρεω
734 2943 874 3004 Λάκωνος·
895 2943 972 3000 πλέω
992 2942 1023 3000 δὲ

221 3032 346 3100 τουτέων,
361 3030 489 3106 οῦδαμαί.
531 3029 547 3087 ό
559 3031 611 3105 μὲν
625 3027 658 3102 δή
673 3030 867 3106 πρεσβύτερος
884 3035 938 3089 τῶν
958 3031 1023 3088 παί-

221 3119 274 3179 δων
293 3123 331 3197 τῷ
344 3119 453 3194 Κίμωνι
467 3115 650 3195 Στησαγόρης
670 3115 705 3189 ἦν
725 3121 874 3190 τηνικαῦτα
894 3116 971 3192 παρά
984 3123 1024 3196 τῷ

221 3207 316 3285 πάτρῳ
338 3203 481 3280 Μιλτιάδῃ
502 3200 672 3278 τρεφόμενος
694 3207 722 3260 ἐν
743 3207 778 3280 τῇ
800 3204 983 3280 Χερσονήσῳ·
1006 3207 1023 3263 ό

223 3293 252 3351 δὲ
265 3293 395 3364 νεώτερος
407 3289 471 3365 παρ’
486 3288 558 3366 αὐτῷ
573 3288 680 3363 Κίμωνι
696 3293 725 3348 ἐν
738 3289 883 3365 Ἀθήνῃσι,
898 3289 1024 3364 τοῦνομα
