<?xml version="1.0" encoding="UTF-8"?>
<!DOCTYPE html PUBLIC "-//W3C//DTD XHTML 1.0 Transitional//EN"
    "http://www.w3.org/TR/xhtml1/DTD/xhtml1-transitional.dtd">
<html xmlns="http://www.w3.org/1999/xhtml" xml:lang="en" lang="en">
 <head>
  <title>
</title>
<meta http-equiv="Content-Type" content="text/html;charset=utf-8" />
  <meta name='ocr-system' content='tesseract 3.04.00' />
  <meta name='ocr-capabilities' content='ocr_page ocr_carea ocr_par ocr_line ocrx_word'/>
</head>
<body>
  <div class='ocr_page' id='page_1' title='image "./herodotusrecens02blakgoog_0317.png"; bbox 0 0 2262 3534; ppageno 0'>
   <div class='ocr_carea' id='block_1_1' title="bbox 15 149 1019 3487">
    <p class='ocr_par' dir='ltr' id='par_1_1' title="bbox 15 149 1019 3487">
     <span class='ocr_line' id='line_1_1' title="bbox 135 149 933 212; baseline -0.001 -13"><span class='ocrx_word' id='word_1_1' title='bbox 135 149 243 212; x_wconf 78' lang='grc' dir='ltr'>ιι-ιι]</span> <span class='ocrx_word' id='word_1_2' title='bbox 447 149 634 200; x_wconf 68' lang='lat' dir='ltr'>mmmm.</span> <span class='ocrx_word' id='word_1_3' title='bbox 886 153 933 200; x_wconf 76' lang='grc' dir='ltr'>νου</span> 
     </span>
     <span class='ocr_line' id='line_1_2' title="bbox 134 229 934 314; baseline 0.001 -24"><span class='ocrx_word' id='word_1_4' title='bbox 134 235 164 290; x_wconf 86' lang='grc' dir='ltr'>έν</span> <span class='ocrx_word' id='word_1_5' title='bbox 177 234 351 308; x_wconf 79' lang='grc' dir='ltr'>Πλαταιῇσι·</span> <span class='ocrx_word' id='word_1_6' title='bbox 373 231 419 290; x_wconf 87' lang='grc' dir='ltr'>ε’πὶ</span> <span class='ocrx_word' id='word_1_7' title='bbox 432 229 500 300; x_wconf 79' lang='grc' dir='ltr'>δὲ,ό</span> <span class='ocrx_word' id='word_1_8' title='bbox 518 235 547 290; x_wconf 83' lang='grc' dir='ltr'>ἔν</span> <span class='ocrx_word' id='word_1_9' title='bbox 563 233 651 311; x_wconf 84' lang='grc' dir='ltr'>Τεγέη</span> <span class='ocrx_word' id='word_1_10' title='bbox 666 233 737 310; x_wconf 83' lang='grc' dir='ltr'>πρός</span> <span class='ocrx_word' id='word_1_11' title='bbox 753 231 891 314; x_wconf 74' lang='grc' dir='ltr'>Τεγεήτας</span> <span class='ocrx_word' id='word_1_12' title='bbox 904 257 934 291; x_wconf 93' lang='grc' dir='ltr'>τε</span> 
     </span>
     <span class='ocr_line' id='line_1_3' title="bbox 133 317 935 400; baseline 0.002 -23"><span class='ocrx_word' id='word_1_13' title='bbox 133 319 181 377; x_wconf 84' lang='grc' dir='ltr'>καὶ</span> <span class='ocrx_word' id='word_1_14' title='bbox 201 317 344 398; x_wconf 84' lang='grc' dir='ltr'>Ἀργείους</span> <span class='ocrx_word' id='word_1_15' title='bbox 363 317 519 400; x_wconf 89' lang='grc' dir='ltr'>γενόμενος·</span> <span class='ocrx_word' id='word_1_16' title='bbox 543 319 614 396; x_wconf 86' lang='grc' dir='ltr'>μετά</span> <span class='ocrx_word' id='word_1_17' title='bbox 636 321 673 390; x_wconf 83' lang='grc' dir='ltr'>δὲ,</span> <span class='ocrx_word' id='word_1_18' title='bbox 696 319 712 380; x_wconf 82' lang='grc' dir='ltr'>ό</span> <span class='ocrx_word' id='word_1_19' title='bbox 734 325 763 380; x_wconf 80' lang='grc' dir='ltr'>ἓν</span> <span class='ocrx_word' id='word_1_20' title='bbox 785 325 935 380; x_wconf 79' lang='grc' dir='ltr'>Διπαιεῦσι</span> 
     </span>
     <span class='ocr_line' id='line_1_4' title="bbox 133 405 934 484; baseline 0.005 -18"><span class='ocrx_word' id='word_1_21' title='bbox 133 406 204 484; x_wconf 83' lang='grc' dir='ltr'>πρός</span> <span class='ocrx_word' id='word_1_22' title='bbox 218 405 355 483; x_wconf 75' lang='grc' dir='ltr'>Ἀρκάδας</span> <span class='ocrx_word' id='word_1_23' title='bbox 374 406 487 480; x_wconf 78' lang='grc' dir='ltr'>πάντας,</span> <span class='ocrx_word' id='word_1_24' title='bbox 510 407 586 482; x_wconf 75' lang='grc' dir='ltr'>πλὴν</span> <span class='ocrx_word' id='word_1_25' title='bbox 607 409 777 468; x_wconf 78' lang='grc' dir='ltr'>Μαντινέων·</span> <span class='ocrx_word' id='word_1_26' title='bbox 799 410 845 468; x_wconf 82' lang='grc' dir='ltr'>ε’πὶ</span> <span class='ocrx_word' id='word_1_27' title='bbox 863 409 934 482; x_wconf 79' lang='grc' dir='ltr'>δὲ,ό</span> 
     </span>
     <span class='ocr_line' id='line_1_5' title="bbox 134 494 935 574; baseline 0.006 -21"><span class='ocrx_word' id='word_1_28' title='bbox 134 497 313 570; x_wconf 86' lang='grc' dir='ltr'>Μεσσηνίων,</span> <span class='ocrx_word' id='word_1_29' title='bbox 336 494 352 554; x_wconf 87' lang='grc' dir='ltr'>ὁ</span> <span class='ocrx_word' id='word_1_30' title='bbox 374 495 445 572; x_wconf 82' lang='grc' dir='ltr'>πρός</span> <span class='ocrx_word' id='word_1_31' title='bbox 466 499 505 574; x_wconf 80' lang='grc' dir='ltr'>τῷ</span> <span class='ocrx_word' id='word_1_32' title='bbox 525 495 639 574; x_wconf 77' lang='grc' dir='ltr'>Ἰσθμῷ·</span> <span class='ocrx_word' id='word_1_33' title='bbox 664 496 784 559; x_wconf 83' lang='grc' dir='ltr'>ὕστατος</span> <span class='ocrx_word' id='word_1_34' title='bbox 804 497 841 566; x_wconf 81' lang='grc' dir='ltr'>δὲ,</span> <span class='ocrx_word' id='word_1_35' title='bbox 866 497 882 557; x_wconf 85' lang='grc' dir='ltr'>ό</span> <span class='ocrx_word' id='word_1_36' title='bbox 907 501 935 558; x_wconf 81' lang='grc' dir='ltr'>ἓν</span> 
     </span>
     <span class='ocr_line' id='line_1_6' title="bbox 133 581 934 665; baseline 0.011 -24"><span class='ocrx_word' id='word_1_37' title='bbox 133 583 264 663; x_wconf 75' lang='grc' dir='ltr'>Τανάγρῃ</span> <span class='ocrx_word' id='word_1_38' title='bbox 272 582 341 660; x_wconf 79' lang='grc' dir='ltr'>πρός</span> <span class='ocrx_word' id='word_1_39' title='bbox 348 581 512 660; x_wconf 81' lang='grc' dir='ltr'>Ἀθηναίους</span> <span class='ocrx_word' id='word_1_40' title='bbox 524 609 555 642; x_wconf 91' lang='grc' dir='ltr'>τε</span> <span class='ocrx_word' id='word_1_41' title='bbox 569 585 615 642; x_wconf 85' lang='grc' dir='ltr'>καὶ</span> <span class='ocrx_word' id='word_1_42' title='bbox 624 583 767 664; x_wconf 80' lang='grc' dir='ltr'>Ἀργείους</span> <span class='ocrx_word' id='word_1_43' title='bbox 779 583 934 665; x_wconf 85' lang='grc' dir='ltr'>γενόμενος·</span> 
     </span>
     <span class='ocr_line' id='line_1_7' title="bbox 107 668 878 755; baseline 0.003 -25"><span class='ocrx_word' id='word_1_44' title='bbox 107 725 112 738; x_wconf 66' lang='grc'>,</span> <span class='ocrx_word' id='word_1_45' title='bbox 133 668 214 734; x_wconf 77' lang='grc' dir='ltr'>οὗτος</span> <span class='ocrx_word' id='word_1_46' title='bbox 227 671 257 729; x_wconf 85' lang='grc' dir='ltr'>δὲ</span> <span class='ocrx_word' id='word_1_47' title='bbox 269 669 390 734; x_wconf 78' lang='grc' dir='ltr'>ὕστατος</span> <span class='ocrx_word' id='word_1_48' title='bbox 404 671 582 753; x_wconf 82' lang='grc' dir='ltr'>κατεργάσθη</span> <span class='ocrx_word' id='word_1_49' title='bbox 595 676 651 732; x_wconf 78' lang='grc' dir='ltr'>τῶν</span> <span class='ocrx_word' id='word_1_50' title='bbox 663 674 745 733; x_wconf 82' lang='grc' dir='ltr'>πέντε</span> <span class='ocrx_word' id='word_1_51' title='bbox 758 673 878 755; x_wconf 90' lang='grc' dir='ltr'>ἀγώνων.</span> 
     </span>
     <span class='ocr_line' id='line_1_8' title="bbox 175 756 983 843; baseline 0.005 -25"><span class='ocrx_word' id='word_1_52' title='bbox 175 756 265 822; x_wconf 77' lang='grc' dir='ltr'>Οὗτος</span> <span class='ocrx_word' id='word_1_53' title='bbox 278 759 312 834; x_wconf 73' lang='grc' dir='ltr'>δὴ</span> <span class='ocrx_word' id='word_1_54' title='bbox 332 758 396 818; x_wconf 89' lang='grc' dir='ltr'>τότε</span> <span class='ocrx_word' id='word_1_55' title='bbox 413 763 491 819; x_wconf 83' lang='grc' dir='ltr'>τοῖσι</span> <span class='ocrx_word' id='word_1_56' title='bbox 504 758 632 836; x_wconf 84' lang='grc' dir='ltr'>Ἕλλησι</span> <span class='ocrx_word' id='word_1_57' title='bbox 646 759 662 820; x_wconf 82' lang='grc' dir='ltr'><em>ὅ</em></span> <span class='ocrx_word' id='word_1_58' title='bbox 677 763 840 838; x_wconf 82' lang='grc' dir='ltr'>Τισαμενός,</span> <span class='ocrx_word' id='word_1_59' title='bbox 855 760 935 843; x_wconf 87' lang='grc' dir='ltr'>ἀγόν·</span> <span class='ocrx_word' id='word_1_60' title='bbox 945 763 983 822; x_wconf 87' lang='grc'>36</span> 
     </span>
     <span class='ocr_line' id='line_1_9' title="bbox 132 849 1019 927; baseline 0.001 -20"><span class='ocrx_word' id='word_1_61' title='bbox 132 871 186 907; x_wconf 88' lang='grc' dir='ltr'>των</span> <span class='ocrx_word' id='word_1_62' title='bbox 200 851 255 907; x_wconf 81' lang='grc' dir='ltr'>τῶν</span> <span class='ocrx_word' id='word_1_63' title='bbox 274 849 478 925; x_wconf 75' lang='grc' dir='ltr'>Σπαρτιητέων,</span> <span class='ocrx_word' id='word_1_64' title='bbox 498 849 660 926; x_wconf 78' lang='grc' dir='ltr'>ἐμαντεύετο</span> <span class='ocrx_word' id='word_1_65' title='bbox 678 854 707 910; x_wconf 83' lang='grc' dir='ltr'>ἒν</span> <span class='ocrx_word' id='word_1_66' title='bbox 719 854 755 927; x_wconf 82' lang='grc' dir='ltr'>τῇ</span> <span class='ocrx_word' id='word_1_67' title='bbox 775 849 935 909; x_wconf 80' lang='grc' dir='ltr'>Πλαταιίδι.</span> <span class='ocrx_word' id='word_1_68' title='bbox 1017 885 1019 890; x_wconf 92' lang='grc'>·</span> 
     </span>
     <span class='ocr_line' id='line_1_10' title="bbox 132 937 935 1018; baseline 0.004 -23"><span class='ocrx_word' id='word_1_69' title='bbox 132 939 208 996; x_wconf 84' lang='grc' dir='ltr'>τοῖσι</span> <span class='ocrx_word' id='word_1_70' title='bbox 221 937 273 1014; x_wconf 90' lang='grc' dir='ltr'>μέν</span> <span class='ocrx_word' id='word_1_71' title='bbox 288 963 337 997; x_wconf 89' lang='grc' dir='ltr'>νυν</span> <span class='ocrx_word' id='word_1_72' title='bbox 347 937 476 1014; x_wconf 85' lang='grc' dir='ltr'>Ἕλλησι</span> <span class='ocrx_word' id='word_1_73' title='bbox 496 937 569 996; x_wconf 84' lang='grc' dir='ltr'>καλά</span> <span class='ocrx_word' id='word_1_74' title='bbox 588 937 693 1018; x_wconf 80' lang='grc' dir='ltr'>ἐγίνετο</span> <span class='ocrx_word' id='word_1_75' title='bbox 711 939 746 998; x_wconf 82' lang='grc' dir='ltr'>τά</span> <span class='ocrx_word' id='word_1_76' title='bbox 765 938 818 1016; x_wconf 84' lang='grc' dir='ltr'>ίρά,</span> <span class='ocrx_word' id='word_1_77' title='bbox 835 938 935 1015; x_wconf 88' lang='grc' dir='ltr'>ἀμυνο·</span> 
     </span>
     <span class='ocr_line' id='line_1_11' title="bbox 131 1025 935 1105; baseline 0.002 -22"><span class='ocrx_word' id='word_1_78' title='bbox 131 1025 251 1102; x_wconf 75' lang='grc' dir='ltr'>μένουσι·</span> <span class='ocrx_word' id='word_1_79' title='bbox 266 1025 386 1102; x_wconf 81' lang='grc' dir='ltr'>διαβᾶσι</span> <span class='ocrx_word' id='word_1_80' title='bbox 400 1025 429 1085; x_wconf 81' lang='grc' dir='ltr'>δὲ</span> <span class='ocrx_word' id='word_1_81' title='bbox 442 1027 491 1085; x_wconf 84' lang='grc' dir='ltr'>τόν</span> <span class='ocrx_word' id='word_1_82' title='bbox 501 1025 633 1085; x_wconf 86' lang='grc' dir='ltr'>Ἀσωπόν</span> <span class='ocrx_word' id='word_1_83' title='bbox 647 1027 692 1084; x_wconf 81' lang='grc' dir='ltr'>καὶ</span> <span class='ocrx_word' id='word_1_84' title='bbox 702 1026 794 1105; x_wconf 86' lang='grc' dir='ltr'>μάχης</span> <span class='ocrx_word' id='word_1_85' title='bbox 808 1025 935 1104; x_wconf 78' lang='grc' dir='ltr'>ἄρχουσι,</span> 
     </span>
     <span class='ocr_line' id='line_1_12' title="bbox 132 1111 983 1194; baseline 0.005 -22"><span class='ocrx_word' id='word_1_86' title='bbox 132 1111 174 1172; x_wconf 81' lang='grc' dir='ltr'>ού.</span> <span class='ocrx_word' id='word_1_87' title='bbox 217 1113 366 1194; x_wconf 81' lang='grc' dir='ltr'>Μαρδονίῳ</span> <span class='ocrx_word' id='word_1_88' title='bbox 382 1114 412 1172; x_wconf 77' lang='grc' dir='ltr'>δὲ</span> <span class='ocrx_word' id='word_1_89' title='bbox 427 1115 643 1193; x_wconf 75' lang='grc' dir='ltr'>προθυμεομένῳ</span> <span class='ocrx_word' id='word_1_90' title='bbox 659 1114 752 1192; x_wconf 84' lang='grc' dir='ltr'>μάχης</span> <span class='ocrx_word' id='word_1_91' title='bbox 769 1113 872 1193; x_wconf 79' lang='grc' dir='ltr'>ἄρχειν,</span> <span class='ocrx_word' id='word_1_92' title='bbox 887 1113 936 1173; x_wconf 86' lang='grc' dir='ltr'>ούκ</span> <span class='ocrx_word' id='word_1_93' title='bbox 945 1113 983 1176; x_wconf 84' lang='grc'>37</span> 
     </span>
     <span class='ocr_line' id='line_1_13' title="bbox 132 1201 936 1282; baseline 0.004 -23"><span class='ocrx_word' id='word_1_94' title='bbox 132 1201 262 1276; x_wconf 79' lang='grc' dir='ltr'>έπιτήδεα</span> <span class='ocrx_word' id='word_1_95' title='bbox 284 1202 389 1282; x_wconf 88' lang='grc' dir='ltr'>ε’γίνετο</span> <span class='ocrx_word' id='word_1_96' title='bbox 411 1202 446 1261; x_wconf 87' lang='grc' dir='ltr'>τά</span> <span class='ocrx_word' id='word_1_97' title='bbox 470 1202 523 1278; x_wconf 82' lang='grc' dir='ltr'>ἱρά·</span> <span class='ocrx_word' id='word_1_98' title='bbox 548 1201 710 1281; x_wconf 75' lang='grc' dir='ltr'>ἀμυνομένῳ</span> <span class='ocrx_word' id='word_1_99' title='bbox 730 1203 760 1261; x_wconf 79' lang='grc' dir='ltr'>δὲ</span> <span class='ocrx_word' id='word_1_100' title='bbox 782 1203 827 1260; x_wconf 83' lang='grc' dir='ltr'>καὶ</span> <span class='ocrx_word' id='word_1_101' title='bbox 848 1202 936 1282; x_wconf 86' lang='grc' dir='ltr'>τούτῳ</span> 
     </span>
     <span class='ocr_line' id='line_1_14' title="bbox 132 1287 934 1371; baseline 0.002 -23"><span class='ocrx_word' id='word_1_102' title='bbox 132 1288 215 1348; x_wconf 86' lang='grc' dir='ltr'>καλά·</span> <span class='ocrx_word' id='word_1_103' title='bbox 245 1290 291 1348; x_wconf 82' lang='grc' dir='ltr'>καὶ</span> <span class='ocrx_word' id='word_1_104' title='bbox 312 1290 366 1371; x_wconf 83' lang='grc' dir='ltr'>γάρ</span> <span class='ocrx_word' id='word_1_105' title='bbox 390 1287 470 1352; x_wconf 82' lang='grc' dir='ltr'>οὗτος</span> <span class='ocrx_word' id='word_1_106' title='bbox 489 1290 685 1366; x_wconf 81' lang='grc' dir='ltr'>Ἑλληνικοῖσι</span> <span class='ocrx_word' id='word_1_107' title='bbox 709 1294 795 1367; x_wconf 81' lang='grc' dir='ltr'>ἱροῖσι</span> <span class='ocrx_word' id='word_1_108' title='bbox 816 1291 934 1370; x_wconf 81' lang='grc' dir='ltr'>έχρέετο,</span> 
     </span>
     <span class='ocr_line' id='line_1_15' title="bbox 131 1376 936 1460; baseline -0.001 -22"><span class='ocrx_word' id='word_1_109' title='bbox 131 1376 231 1454; x_wconf 88' lang='grc' dir='ltr'>μάντιν</span> <span class='ocrx_word' id='word_1_110' title='bbox 248 1379 317 1456; x_wconf 86' lang='grc' dir='ltr'>έχων</span> <span class='ocrx_word' id='word_1_111' title='bbox 334 1378 572 1460; x_wconf 88' lang='grc' dir='ltr'>Ἡγησίστρατον,</span> <span class='ocrx_word' id='word_1_112' title='bbox 595 1379 681 1457; x_wconf 88' lang='grc' dir='ltr'>άνδρα</span> <span class='ocrx_word' id='word_1_113' title='bbox 701 1380 817 1439; x_wconf 81' lang='grc' dir='ltr'>Ἠλεῖόν</span> <span class='ocrx_word' id='word_1_114' title='bbox 837 1405 868 1440; x_wconf 89' lang='grc' dir='ltr'>τε</span> <span class='ocrx_word' id='word_1_115' title='bbox 890 1379 936 1438; x_wconf 81' lang='grc' dir='ltr'>καὶ</span> 
     </span>
     <span class='ocr_line' id='line_1_16' title="bbox 131 1466 936 1548; baseline 0.002 -23"><span class='ocrx_word' id='word_1_116' title='bbox 131 1469 187 1526; x_wconf 79' lang='grc' dir='ltr'>τών</span> <span class='ocrx_word' id='word_1_117' title='bbox 196 1467 370 1526; x_wconf 87' lang='grc' dir='ltr'>Τελλιαδέων</span> <span class='ocrx_word' id='word_1_118' title='bbox 384 1466 464 1526; x_wconf 88' lang='grc' dir='ltr'>ε’ύντα</span> <span class='ocrx_word' id='word_1_119' title='bbox 478 1467 680 1548; x_wconf 77' lang='grc' dir='ltr'>λογιμώτατον·</span> <span class='ocrx_word' id='word_1_120' title='bbox 695 1467 744 1526; x_wconf 84' lang='grc' dir='ltr'>τόν</span> <span class='ocrx_word' id='word_1_121' title='bbox 754 1468 786 1544; x_wconf 73' lang='grc' dir='ltr'>δὴ</span> <span class='ocrx_word' id='word_1_122' title='bbox 801 1467 936 1545; x_wconf 89' lang='grc' dir='ltr'>πρότερον</span> 
     </span>
     <span class='ocr_line' id='line_1_17' title="bbox 131 1555 937 1636; baseline 0.005 -22"><span class='ocrx_word' id='word_1_123' title='bbox 131 1555 235 1616; x_wconf 92' lang='grc' dir='ltr'>τούτων</span> <span class='ocrx_word' id='word_1_124' title='bbox 249 1558 422 1634; x_wconf 80' lang='grc' dir='ltr'>Σπαρτιῆται</span> <span class='ocrx_word' id='word_1_125' title='bbox 436 1556 575 1632; x_wconf 83' lang='grc' dir='ltr'>λαβόντες</span> <span class='ocrx_word' id='word_1_126' title='bbox 592 1557 694 1632; x_wconf 83' lang='grc' dir='ltr'>ἔδησαν</span> <span class='ocrx_word' id='word_1_127' title='bbox 709 1557 754 1615; x_wconf 84' lang='grc' dir='ltr'>ε’πὶ</span> <span class='ocrx_word' id='word_1_128' title='bbox 771 1556 886 1636; x_wconf 86' lang='grc' dir='ltr'>θανάτῳ,</span> <span class='ocrx_word' id='word_1_129' title='bbox 901 1555 937 1619; x_wconf 82' lang='grc' dir='ltr'>ώς</span> 
     </span>
     <span class='ocr_line' id='line_1_18' title="bbox 131 1644 937 1722; baseline 0.002 -20"><span class='ocrx_word' id='word_1_130' title='bbox 131 1644 302 1708; x_wconf 82' lang='grc' dir='ltr'>πεπονθότες</span> <span class='ocrx_word' id='word_1_131' title='bbox 319 1644 417 1704; x_wconf 88' lang='grc' dir='ltr'>πολλά</span> <span class='ocrx_word' id='word_1_132' title='bbox 432 1671 463 1704; x_wconf 91' lang='grc' dir='ltr'>τε</span> <span class='ocrx_word' id='word_1_133' title='bbox 482 1646 527 1704; x_wconf 82' lang='grc' dir='ltr'>καὶ</span> <span class='ocrx_word' id='word_1_134' title='bbox 550 1644 671 1722; x_wconf 86' lang='grc' dir='ltr'>ἀνάρσια</span> <span class='ocrx_word' id='word_1_135' title='bbox 690 1644 736 1704; x_wconf 73' lang='grc' dir='ltr'>ὕπ’</span> <span class='ocrx_word' id='word_1_136' title='bbox 758 1644 851 1704; x_wconf 83' lang='grc' dir='ltr'>αύτοῦ·</span> <span class='ocrx_word' id='word_1_137' title='bbox 874 1644 937 1704; x_wconf 80' lang='grc' dir='ltr'>ύδέ</span> 
     </span>
     <span class='ocr_line' id='line_1_19' title="bbox 132 1732 937 1813; baseline 0.005 -21"><span class='ocrx_word' id='word_1_138' title='bbox 132 1737 162 1792; x_wconf 79' lang='grc' dir='ltr'>έν</span> <span class='ocrx_word' id='word_1_139' title='bbox 178 1733 266 1813; x_wconf 90' lang='grc' dir='ltr'>τούτῳ</span> <span class='ocrx_word' id='word_1_140' title='bbox 283 1737 322 1813; x_wconf 74' lang='grc' dir='ltr'>τῷ</span> <span class='ocrx_word' id='word_1_141' title='bbox 344 1737 418 1813; x_wconf 77' lang='grc' dir='ltr'>κακῷ</span> <span class='ocrx_word' id='word_1_142' title='bbox 435 1733 573 1812; x_wconf 90' lang='grc' dir='ltr'>ε’χόμενος,</span> <span class='ocrx_word' id='word_1_143' title='bbox 594 1732 667 1792; x_wconf 80' lang='grc' dir='ltr'>ὥστε</span> <span class='ocrx_word' id='word_1_144' title='bbox 683 1735 788 1813; x_wconf 90' lang='grc' dir='ltr'>τρέχων</span> <span class='ocrx_word' id='word_1_145' title='bbox 806 1733 870 1810; x_wconf 80' lang='grc' dir='ltr'>περὶ</span> <span class='ocrx_word' id='word_1_146' title='bbox 887 1737 937 1809; x_wconf 78' lang='grc' dir='ltr'>τῆς</span> 
     </span>
     <span class='ocr_line' id='line_1_20' title="bbox 132 1821 935 1901; baseline -0.001 -21"><span class='ocrx_word' id='word_1_147' title='bbox 132 1826 225 1901; x_wconf 77' lang='grc' dir='ltr'>ψυχῆς</span> <span class='ocrx_word' id='word_1_148' title='bbox 237 1822 292 1897; x_wconf 92' lang='grc' dir='ltr'>πρό</span> <span class='ocrx_word' id='word_1_149' title='bbox 304 1847 336 1881; x_wconf 87' lang='grc' dir='ltr'>τε</span> <span class='ocrx_word' id='word_1_150' title='bbox 348 1827 399 1881; x_wconf 84' lang='grc' dir='ltr'>τοῦ</span> <span class='ocrx_word' id='word_1_151' title='bbox 416 1821 536 1882; x_wconf 90' lang='grc' dir='ltr'>θανάτου</span> <span class='ocrx_word' id='word_1_152' title='bbox 552 1821 719 1898; x_wconf 88' lang='grc' dir='ltr'>πεισόμενος</span> <span class='ocrx_word' id='word_1_153' title='bbox 734 1821 832 1880; x_wconf 89' lang='grc' dir='ltr'>πολλά</span> <span class='ocrx_word' id='word_1_154' title='bbox 845 1848 876 1880; x_wconf 93' lang='grc' dir='ltr'>τε</span> <span class='ocrx_word' id='word_1_155' title='bbox 889 1821 935 1879; x_wconf 83' lang='grc' dir='ltr'>καὶ</span> 
     </span>
     <span class='ocr_line' id='line_1_21' title="bbox 132 1908 935 1991; baseline 0 -23"><span class='ocrx_word' id='word_1_156' title='bbox 132 1909 231 1990; x_wconf 84' lang='grc' dir='ltr'>λυγρά,</span> <span class='ocrx_word' id='word_1_157' title='bbox 260 1912 341 1991; x_wconf 82' lang='grc' dir='ltr'>ἔργον</span> <span class='ocrx_word' id='word_1_158' title='bbox 367 1909 509 1989; x_wconf 79' lang='grc' dir='ltr'>ἐργάσατο</span> <span class='ocrx_word' id='word_1_159' title='bbox 530 1911 615 1984; x_wconf 85' lang='grc' dir='ltr'>μέζον</span> <span class='ocrx_word' id='word_1_160' title='bbox 636 1908 733 1990; x_wconf 87' lang='grc' dir='ltr'>λόγου·</span> <span class='ocrx_word' id='word_1_161' title='bbox 769 1910 804 1972; x_wconf 86' lang='grc' dir='ltr'>ώς</span> <span class='ocrx_word' id='word_1_162' title='bbox 825 1909 880 1990; x_wconf 86' lang='grc' dir='ltr'>γάρ</span> <span class='ocrx_word' id='word_1_163' title='bbox 902 1909 935 1985; x_wconf 74' lang='grc' dir='ltr'><em>δὴ</em></span> 
     </span>
     <span class='ocr_line' id='line_1_22' title="bbox 133 1997 935 2076; baseline -0.002 -20"><span class='ocrx_word' id='word_1_164' title='bbox 133 1997 239 2058; x_wconf 78' lang='grc' dir='ltr'>ἐδέδετο</span> <span class='ocrx_word' id='word_1_165' title='bbox 254 2003 283 2056; x_wconf 81' lang='grc' dir='ltr'>ἐν</span> <span class='ocrx_word' id='word_1_166' title='bbox 296 1997 370 2076; x_wconf 81' lang='grc' dir='ltr'>ξύλῳ</span> <span class='ocrx_word' id='word_1_167' title='bbox 384 1997 561 2075; x_wconf 85' lang='grc' dir='ltr'>σιδηροδέτῳ,</span> <span class='ocrx_word' id='word_1_168' title='bbox 574 1998 779 2074; x_wconf 78' lang='grc' dir='ltr'>ἐσενειχθέντος</span> <span class='ocrx_word' id='word_1_169' title='bbox 793 2023 844 2058; x_wconf 91' lang='grc' dir='ltr'>κως</span> <span class='ocrx_word' id='word_1_170' title='bbox 858 1997 935 2072; x_wconf 87' lang='grc' dir='ltr'>σιδη-</span> 
     </span>
     <span class='ocr_line' id='line_1_23' title="bbox 132 2082 937 2164; baseline -0.002 -20"><span class='ocrx_word' id='word_1_171' title='bbox 132 2086 193 2162; x_wconf 91' lang='grc' dir='ltr'>ρίου</span> <span class='ocrx_word' id='word_1_172' title='bbox 215 2086 360 2164; x_wconf 82' lang='grc' dir='ltr'>έκράτησε·</span> <span class='ocrx_word' id='word_1_173' title='bbox 389 2083 488 2142; x_wconf 85' lang='grc' dir='ltr'>αύτίκα</span> <span class='ocrx_word' id='word_1_174' title='bbox 512 2084 541 2141; x_wconf 81' lang='grc' dir='ltr'>δὲ</span> <span class='ocrx_word' id='word_1_175' title='bbox 563 2088 722 2162; x_wconf 77' lang='grc' dir='ltr'>ἐμηχανᾶτο</span> <span class='ocrx_word' id='word_1_176' title='bbox 744 2082 937 2159; x_wconf 87' lang='grc' dir='ltr'>ἀνδρειότατον</span> 
     </span>
     <span class='ocr_line' id='line_1_24' title="bbox 133 2169 937 2254; baseline 0.001 -23"><span class='ocrx_word' id='word_1_177' title='bbox 133 2173 215 2254; x_wconf 73' lang='grc' dir='ltr'>ἔργον</span> <span class='ocrx_word' id='word_1_178' title='bbox 226 2173 337 2232; x_wconf 89' lang='grc' dir='ltr'>πάντων</span> <span class='ocrx_word' id='word_1_179' title='bbox 356 2177 411 2232; x_wconf 79' lang='grc' dir='ltr'>τῶν</span> <span class='ocrx_word' id='word_1_180' title='bbox 423 2169 503 2247; x_wconf 80' lang='grc' dir='ltr'>ἡμεῖς</span> <span class='ocrx_word' id='word_1_181' title='bbox 521 2171 608 2246; x_wconf 84' lang='grc' dir='ltr'>ἴδμεν·</span> <span class='ocrx_word' id='word_1_182' title='bbox 630 2169 868 2247; x_wconf 88' lang='grc' dir='ltr'>σταθμησάμενος</span> <span class='ocrx_word' id='word_1_183' title='bbox 882 2169 937 2250; x_wconf 80' lang='grc' dir='ltr'>γάρ</span> 
     </span>
     <span class='ocr_line' id='line_1_25' title="bbox 133 2257 937 2335; baseline -0.004 -15"><span class='ocrx_word' id='word_1_184' title='bbox 133 2260 202 2324; x_wconf 83' lang='grc' dir='ltr'>ὅκως</span> <span class='ocrx_word' id='word_1_185' title='bbox 219 2260 396 2331; x_wconf 74' lang='grc' dir='ltr'>ἐξελεύσεταί</span> <span class='ocrx_word' id='word_1_186' title='bbox 416 2263 442 2319; x_wconf 85' lang='grc' dir='ltr'>οἱ</span> <span class='ocrx_word' id='word_1_187' title='bbox 460 2259 493 2318; x_wconf 85' lang='grc' dir='ltr'>τό</span> <span class='ocrx_word' id='word_1_188' title='bbox 512 2261 614 2319; x_wconf 81' lang='grc' dir='ltr'>λοιπὸν</span> <span class='ocrx_word' id='word_1_189' title='bbox 629 2262 680 2318; x_wconf 80' lang='grc' dir='ltr'>τοῦ</span> <span class='ocrx_word' id='word_1_190' title='bbox 700 2258 793 2328; x_wconf 82' lang='grc' dir='ltr'>ποδός,</span> <span class='ocrx_word' id='word_1_191' title='bbox 813 2257 937 2335; x_wconf 80' lang='grc' dir='ltr'>ἀπέταμε</span> 
     </span>
     <span class='ocr_line' id='line_1_26' title="bbox 133 2345 936 2427; baseline -0.005 -17"><span class='ocrx_word' id='word_1_192' title='bbox 133 2349 183 2410; x_wconf 84' lang='grc' dir='ltr'>τόν</span> <span class='ocrx_word' id='word_1_193' title='bbox 194 2349 301 2427; x_wconf 81' lang='grc' dir='ltr'>ταρσόν</span> <span class='ocrx_word' id='word_1_194' title='bbox 317 2352 425 2418; x_wconf 76' lang='grc' dir='ltr'>ἑωυτοῦ,</span> <span class='ocrx_word' id='word_1_195' title='bbox 440 2351 526 2407; x_wconf 81' lang='grc' dir='ltr'>ταῦτα</span> <span class='ocrx_word' id='word_1_196' title='bbox 545 2347 575 2406; x_wconf 80' lang='grc' dir='ltr'>δὲ</span> <span class='ocrx_word' id='word_1_197' title='bbox 593 2346 723 2422; x_wconf 82' lang='grc' dir='ltr'>ποιήσας,</span> <span class='ocrx_word' id='word_1_198' title='bbox 738 2345 811 2405; x_wconf 81' lang='grc' dir='ltr'>ὥστε</span> <span class='ocrx_word' id='word_1_199' title='bbox 825 2350 936 2421; x_wconf 82' lang='grc' dir='ltr'>φυλασ-</span> 
     </span>
     <span class='ocr_line' id='line_1_27' title="bbox 134 2433 937 2515; baseline -0.009 -17"><span class='ocrx_word' id='word_1_200' title='bbox 134 2438 253 2515; x_wconf 90' lang='grc' dir='ltr'>σόμενος</span> <span class='ocrx_word' id='word_1_201' title='bbox 268 2436 323 2497; x_wconf 80' lang='grc' dir='ltr'>ύπό</span> <span class='ocrx_word' id='word_1_202' title='bbox 345 2435 487 2512; x_wconf 80' lang='grc' dir='ltr'>φυλάκων,</span> <span class='ocrx_word' id='word_1_203' title='bbox 506 2435 632 2513; x_wconf 76' lang='grc' dir='ltr'>διορύξας</span> <span class='ocrx_word' id='word_1_204' title='bbox 650 2434 700 2495; x_wconf 84' lang='grc' dir='ltr'>τόν</span> <span class='ocrx_word' id='word_1_205' title='bbox 718 2439 814 2513; x_wconf 89' lang='grc' dir='ltr'>τοῖχον</span> <span class='ocrx_word' id='word_1_206' title='bbox 832 2433 937 2510; x_wconf 79' lang='grc' dir='ltr'>ἀπέδρη</span> 
     </span>
     <span class='ocr_line' id='line_1_28' title="bbox 134 2522 938 2607; baseline -0.004 -23"><span class='ocrx_word' id='word_1_207' title='bbox 134 2529 162 2589; x_wconf 78' lang='grc' dir='ltr'>ές</span> <span class='ocrx_word' id='word_1_208' title='bbox 189 2525 301 2607; x_wconf 86' lang='grc' dir='ltr'>Τεγέην,</span> <span class='ocrx_word' id='word_1_209' title='bbox 328 2526 378 2588; x_wconf 83' lang='grc' dir='ltr'>τοὶς</span> <span class='ocrx_word' id='word_1_210' title='bbox 403 2527 455 2602; x_wconf 76' lang='grc' dir='ltr'>μὲν</span> <span class='ocrx_word' id='word_1_211' title='bbox 482 2523 581 2587; x_wconf 88' lang='grc' dir='ltr'>νύκτας</span> <span class='ocrx_word' id='word_1_212' title='bbox 612 2522 804 2601; x_wconf 86' lang='grc' dir='ltr'>πορευόμενος,</span> <span class='ocrx_word' id='word_1_213' title='bbox 832 2523 881 2585; x_wconf 84' lang='grc' dir='ltr'>τάς</span> <span class='ocrx_word' id='word_1_214' title='bbox 908 2522 938 2581; x_wconf 80' lang='grc' dir='ltr'>δὲ</span> 
     </span>
     <span class='ocr_line' id='line_1_29' title="bbox 133 2609 937 2691; baseline -0.005 -19"><span class='ocrx_word' id='word_1_215' title='bbox 133 2613 239 2691; x_wconf 78' lang='grc' dir='ltr'>ἡμέρας</span> <span class='ocrx_word' id='word_1_216' title='bbox 261 2615 416 2675; x_wconf 88' lang='grc' dir='ltr'>καταδύνων</span> <span class='ocrx_word' id='word_1_217' title='bbox 437 2619 464 2676; x_wconf 80' lang='grc' dir='ltr'>ἐς</span> <span class='ocrx_word' id='word_1_218' title='bbox 489 2612 560 2689; x_wconf 79' lang='grc' dir='ltr'>ὕλην</span> <span class='ocrx_word' id='word_1_219' title='bbox 582 2612 628 2685; x_wconf 83' lang='grc' dir='ltr'>καὶ</span> <span class='ocrx_word' id='word_1_220' title='bbox 650 2610 838 2688; x_wconf 83' lang='grc' dir='ltr'>αύλιζόμενος·</span> <span class='ocrx_word' id='word_1_221' title='bbox 868 2609 937 2670; x_wconf 69' lang='grc' dir='ltr'>οὕτω</span> 
     </span>
     <span class='ocr_line' id='line_1_30' title="bbox 135 2699 937 2780; baseline -0.005 -18"><span class='ocrx_word' id='word_1_222' title='bbox 135 2701 216 2772; x_wconf 78' lang='grc' dir='ltr'>ὥστε,</span> <span class='ocrx_word' id='word_1_223' title='bbox 243 2703 466 2780; x_wconf 87' lang='grc' dir='ltr'>Λακεδαιμονίων</span> <span class='ocrx_word' id='word_1_224' title='bbox 499 2701 636 2778; x_wconf 84' lang='grc' dir='ltr'>πανδημεὶ</span> <span class='ocrx_word' id='word_1_225' title='bbox 670 2701 827 2775; x_wconf 86' lang='grc' dir='ltr'>διζημένων,</span> <span class='ocrx_word' id='word_1_226' title='bbox 858 2699 937 2778; x_wconf 84' lang='grc' dir='ltr'>τρίτη</span> 
     </span>
     <span class='ocr_line' id='line_1_31' title="bbox 135 2788 938 2874; baseline -0.004 -25"><span class='ocrx_word' id='word_1_227' title='bbox 135 2789 258 2871; x_wconf 74' lang='grc' dir='ltr'>εὐφρόνη</span> <span class='ocrx_word' id='word_1_228' title='bbox 284 2793 416 2874; x_wconf 84' lang='grc' dir='ltr'>γενέσθαι</span> <span class='ocrx_word' id='word_1_229' title='bbox 443 2796 472 2850; x_wconf 79' lang='grc' dir='ltr'>ἓν</span> <span class='ocrx_word' id='word_1_230' title='bbox 498 2791 594 2871; x_wconf 86' lang='grc' dir='ltr'>Τεγέῃ,</span> <span class='ocrx_word' id='word_1_231' title='bbox 624 2788 689 2852; x_wconf 84' lang='grc' dir='ltr'>τούς</span> <span class='ocrx_word' id='word_1_232' title='bbox 718 2788 747 2847; x_wconf 78' lang='grc' dir='ltr'>δὲ</span> <span class='ocrx_word' id='word_1_233' title='bbox 774 2792 803 2848; x_wconf 90' lang='grc' dir='ltr'>ε’ν</span> <span class='ocrx_word' id='word_1_234' title='bbox 831 2789 938 2865; x_wconf 83' lang='grc' dir='ltr'>θώματι</span> 
     </span>
     <span class='ocr_line' id='line_1_32' title="bbox 134 2875 938 2960; baseline -0.005 -23"><span class='ocrx_word' id='word_1_235' title='bbox 134 2880 249 2960; x_wconf 89' lang='grc' dir='ltr'>μεγάλῳ</span> <span class='ocrx_word' id='word_1_236' title='bbox 265 2881 409 2958; x_wconf 81' lang='grc' dir='ltr'>ἐνέχεσθαι</span> <span class='ocrx_word' id='word_1_237' title='bbox 422 2883 473 2955; x_wconf 83' lang='grc' dir='ltr'>τῆς</span> <span class='ocrx_word' id='word_1_238' title='bbox 488 2905 519 2938; x_wconf 89' lang='grc' dir='ltr'>τε</span> <span class='ocrx_word' id='word_1_239' title='bbox 539 2879 655 2954; x_wconf 89' lang='grc' dir='ltr'>τόλμης,</span> <span class='ocrx_word' id='word_1_240' title='bbox 675 2877 804 2953; x_wconf 86' lang='grc' dir='ltr'>όρέοντας</span> <span class='ocrx_word' id='word_1_241' title='bbox 824 2875 858 2935; x_wconf 82' lang='grc' dir='ltr'>τό</span> <span class='ocrx_word' id='word_1_242' title='bbox 874 2875 938 2952; x_wconf 76' lang='grc' dir='ltr'>ἠμί·</span> 
     </span>
     <span class='ocr_line' id='line_1_33' title="bbox 134 2963 939 3043; baseline -0.001 -17"><span class='ocrx_word' id='word_1_243' title='bbox 134 2993 222 3043; x_wconf 92' lang='grc' dir='ltr'>τομον</span> <span class='ocrx_word' id='word_1_244' title='bbox 239 2972 289 3026; x_wconf 84' lang='grc' dir='ltr'>τοῦ</span> <span class='ocrx_word' id='word_1_245' title='bbox 309 2967 394 3030; x_wconf 83' lang='grc' dir='ltr'>ποδός</span> <span class='ocrx_word' id='word_1_246' title='bbox 416 2967 550 3043; x_wconf 86' lang='grc' dir='ltr'>κείμενον,</span> <span class='ocrx_word' id='word_1_247' title='bbox 573 2966 698 3025; x_wconf 84' lang='grc' dir='ltr'>κάκεῖνον</span> <span class='ocrx_word' id='word_1_248' title='bbox 720 2965 751 3024; x_wconf 86' lang='grc' dir='ltr'>ού</span> <span class='ocrx_word' id='word_1_249' title='bbox 774 2963 939 3039; x_wconf 79' lang='grc' dir='ltr'>δυναμένους</span> 
     </span>
     <span class='ocr_line' id='line_1_34' title="bbox 136 3049 937 3134; baseline -0.004 -20"><span class='ocrx_word' id='word_1_250' title='bbox 136 3055 232 3133; x_wconf 85' lang='grc' dir='ltr'>εύρεῖν.</span> <span class='ocrx_word' id='word_1_251' title='bbox 273 3055 338 3116; x_wconf 89' lang='grc' dir='ltr'>τότε</span> <span class='ocrx_word' id='word_1_252' title='bbox 364 3058 416 3132; x_wconf 75' lang='grc' dir='ltr'>μὲν</span> <span class='ocrx_word' id='word_1_253' title='bbox 437 3054 508 3114; x_wconf 83' lang='grc' dir='ltr'>οὕτω</span> <span class='ocrx_word' id='word_1_254' title='bbox 530 3053 672 3134; x_wconf 81' lang='grc' dir='ltr'>διαφυγών</span> <span class='ocrx_word' id='word_1_255' title='bbox 695 3049 937 3127; x_wconf 81' lang='grc' dir='ltr'>Λακεδαιμονίους,</span> 
     </span>
     <span class='ocr_line' id='line_1_35' title="bbox 137 3139 937 3225; baseline -0.011 -22"><span class='ocrx_word' id='word_1_256' title='bbox 137 3143 306 3225; x_wconf 79' lang='grc' dir='ltr'>καταφεύγει</span> <span class='ocrx_word' id='word_1_257' title='bbox 327 3148 355 3206; x_wconf 86' lang='grc' dir='ltr'>ές</span> <span class='ocrx_word' id='word_1_258' title='bbox 376 3143 489 3225; x_wconf 86' lang='grc' dir='ltr'>Τεγέην,</span> <span class='ocrx_word' id='word_1_259' title='bbox 511 3146 614 3202; x_wconf 86' lang='grc' dir='ltr'>εὀΰσαν</span> <span class='ocrx_word' id='word_1_260' title='bbox 636 3139 686 3200; x_wconf 79' lang='grc' dir='ltr'>οὐκ</span> <span class='ocrx_word' id='word_1_261' title='bbox 708 3139 828 3217; x_wconf 88' lang='grc' dir='ltr'>ἀρθμίην</span> <span class='ocrx_word' id='word_1_262' title='bbox 848 3145 937 3196; x_wconf 82' lang='grc' dir='ltr'>Λακε·</span> 
     </span>
     <span class='ocr_line' id='line_1_36' title="bbox 15 3225 937 3312; baseline 0.003 -20"><span class='ocrx_word' id='word_1_263' title='bbox 15 3237 16 3311; x_wconf 57' lang='grc' dir='ltr'>ί</span> <span class='ocrx_word' id='word_1_264' title='bbox 136 3235 306 3310; x_wconf 76' lang='grc' dir='ltr'>δαιμονίοισι</span> <span class='ocrx_word' id='word_1_265' title='bbox 325 3236 425 3295; x_wconf 83' lang='grc' dir='ltr'>τοῦτον</span> <span class='ocrx_word' id='word_1_266' title='bbox 442 3231 493 3294; x_wconf 81' lang='grc' dir='ltr'>τόν</span> <span class='ocrx_word' id='word_1_267' title='bbox 509 3231 619 3312; x_wconf 88' lang='grc' dir='ltr'>χρόνον·</span> <span class='ocrx_word' id='word_1_268' title='bbox 642 3228 721 3311; x_wconf 76' lang='grc' dir='ltr'>ύγιῆς</span> <span class='ocrx_word' id='word_1_269' title='bbox 736 3228 764 3286; x_wconf 76' lang='grc' dir='ltr'>δὲ</span> <span class='ocrx_word' id='word_1_270' title='bbox 783 3225 937 3308; x_wconf 68' lang='grc' dir='ltr'>γενόμενος,</span> 
     </span>
     <span class='ocr_line' id='line_1_37' title="bbox 16 3313 938 3487; baseline -0.009 -109"><span class='ocrx_word' id='word_1_271' title='bbox 16 3395 19 3487; x_wconf 58' lang='grc' dir='ltr'>γ</span> <span class='ocrx_word' id='word_1_272' title='bbox 136 3330 181 3379; x_wconf 79' lang='grc' dir='ltr'>και</span> <span class='ocrx_word' id='word_1_273' title='bbox 200 3323 468 3399; x_wconf 84' lang='grc' dir='ltr'>προσποιησάμενος</span> <span class='ocrx_word' id='word_1_274' title='bbox 489 3321 600 3390; x_wconf 76' lang='grc' dir='ltr'>ξύλινον</span> <span class='ocrx_word' id='word_1_275' title='bbox 619 3318 701 3384; x_wconf 87' lang='grc' dir='ltr'>πόδα,</span> <span class='ocrx_word' id='word_1_276' title='bbox 718 3313 885 3389; x_wconf 75' lang='grc' dir='ltr'>κατεστήκεε</span> <span class='ocrx_word' id='word_1_277' title='bbox 908 3317 938 3371; x_wconf 79' lang='grc' dir='ltr'>ἐκ</span> 
     </span>
    </p>
   </div>
   <div class='ocr_carea' id='block_1_2' title="bbox 0 0 1139 3534">
    <p class='ocr_par' dir='ltr' id='par_1_2' title="bbox 0 0 1139 3534">
     <span class='ocr_line' id='line_1_38' title="bbox 0 0 1139 3534; baseline 0 0"><span class='ocrx_word' id='word_1_278' title='bbox 0 0 1139 3534; x_wconf 95' lang='lat' dir='ltr'> </span> 
     </span>
    </p>
   </div>
  </div>
 </body>
</html>
