2262 3534
153 120 261 188 ιι-ιι]
453 120 641 172 Κιιιιοιια.
908 121 951 172 ,τοι

152 204 257 263 πολλοὶ
281 200 516 264 οἷπαλλάσσοντο·
546 207 573 264 ἐς
593 202 645 278 μὲν
666 198 716 260 τδν
736 202 829 280 χῶρον
849 204 878 263 ἐς
903 198 953 258 τδν

153 291 293 351 συνέκειτο
311 289 361 349 οῦκ
380 295 408 348 ἐν
426 288 480 368 νόῳ
498 290 615 367 ἔχοντες,
630 290 656 347 οἱ
670 288 707 357 δὲ,
721 286 756 350 ὥς
775 286 949 364 ἐκινήθησαν,

154 379 272 458 ἔφευγον
298 377 416 454 ἅσμενοι
442 379 493 453 τήν
516 378 600 437 ἵππον
624 375 694 452 πρδς
712 375 764 451 τήν
788 377 950 436 Πλαταιέον

153 465 245 535 πόλιν,
261 465 410 546 φεύγοντες
426 465 455 524 δὲ
473 464 649 526 ἀπικνέονται
666 464 711 524 ἐπὶ
728 463 761 523 τὰ
774 462 900 539 Ἡραῖον·
920 464 952 524 τῦ

154 553 184 612 δέ
201 554 256 631 πρδ
274 557 325 630 τῆς
341 552 442 616 πόλιός
454 558 517 614 ἐστι
530 557 580 628 τῆς
594 552 768 621 Πλαταιέων,
784 552 873 610 εἴκοσι
886 577 953 611 στα-

154 641 228 705 δίους
240 640 297 701 α’πὸ
310 646 360 718 τῆς
374 640 475 719 κρήνης
487 646 537 717 τῆς
550 642 714 722 Γαργαφίης
727 639 842 718 ἀπέχον·
858 638 953 697 ἀπικό-

153 755 232 805 μενοι
250 730 279 788 δὲ
299 731 392 790 ἔθεντο
409 729 464 806 πρδ
478 735 527 789 τοῦ
542 733 602 806 ἱροῦ
616 728 652 788 τοῖ
667 727 749 788 ὅπλα.
793 728 851 787 Καὶ
865 730 892 786 οἱ
903 728 1002 804 μέν53

153 818 268 893 περὶτὰ
289 817 405 895 Ἡραῖον
433 817 709 894 ἐστρατοπεδεύοντο·
738 817 901 892 Παυσανίης
925 815 954 874 δέ

154 903 238 982 ὁρέων
251 908 343 981 σφέας
356 905 632 982 ἀπαλλασσομένους
645 911 675 965 ἐκ
688 910 737 966 τοῦ
755 905 953 982 στρατοπέδου,

153 993 334 1074 παρήγγελλε
348 996 394 1053 καὶ
407 999 483 1054 τοῖσι
493 994 746 1070 Λακεδαιμονίοισι,
761 993 955 1068 ἀναλαβόντας

154 1079 190 1139 τὰ
216 1080 292 1139 ὅπλα
319 1083 387 1142 ἱέναι
414 1083 484 1142 κατά
504 1082 569 1145 τούς
590 1079 695 1144 ἄλλους
715 1081 779 1144 τούς
799 1081 955 1158 προϊόντας·

154 1169 272 1244 νομίσας
291 1169 389 1233 αύτούς
411 1176 438 1234 ἐς
454 1170 506 1230 τδν
527 1175 619 1249 χιῦρον
641 1170 709 1228 ἰέναι
728 1174 755 1232 ἐς
772 1169 821 1228 τᾶν
840 1167 954 1244 συνεθή-

155 1281 248 1314 καντο·
263 1258 380 1316 ἐνθαῦτα
391 1261 417 1316 οἱ
426 1260 477 1333 μέν
491 1257 577 1316 ἄλλοι
590 1257 680 1333 ἄρτιοι
693 1256 768 1332 ἦσαν
781 1261 835 1316 τῶν
844 1257 955 1334 ταξιαρ-

154 1344 225 1420 χέων
238 1346 386 1405 πείθεσθαι
405 1347 562 1424 Παυσανίη·
583 1344 799 1422 Ἀμομφάρετος
815 1346 844 1404 δέ
862 1345 878 1404 ὁ
897 1351 955 1404 Πο-

155 1432 263 1504 λιάδεω,
282 1435 427 1515 λοχηγέων
442 1438 492 1493 τοῦ
510 1434 687 1510 Πιτανητέων
707 1433 805 1513 λάχου,
827 1433 877 1493 οῦκ
898 1435 953 1509 ἔφη

154 1519 219 1583 τούς
238 1522 342 1591 ξείνους
362 1521 524 1597 φεύξεσθαι,
539 1521 601 1582 οῦδὲ
622 1522 690 1582 ἐκοδν
711 1522 780 1582 εἶναι
800 1523 956 1601 αἰσχυνέειν

155 1608 206 1684 τήν
220 1610 360 1688 Σπάρτην·
382 1610 506 1686 ἐθιύμαζέ
524 1637 554 1670 τε
572 1610 657 1688 ὁρέων
674 1610 707 1670 τὸ
723 1611 893 1687 ποιεύμενον,
907 1608 955 1670 ἅτε

156 1695 188 1756 οῦ
201 1697 422 1779 παραγενόμενος
431 1702 469 1777 τῷ
479 1701 604 1778 προτέρῳ
617 1698 703 1780 λόγῳ·
718 1699 733 1759 ὁ
748 1700 777 1759 δέ
792 1699 956 1774 Παυσανίης

155 1811 185 1845 τε
196 1787 242 1844 καὶ
255 1786 271 1847 ὁ
284 1785 430 1864 Εὐρυάναξ
440 1788 527 1847 δεινὸν
537 1791 589 1864 μὲν
600 1792 740 1848 ἐποιεῦντο
749 1787 782 1848 τῦ
793 1787 833 1864 μή
844 1789 893 1846 πεί
909 1812 956 1846 εσ-

156 1874 203 1932 θαι
224 1879 326 1935 ἐκεῦνον
350 1878 445 1951 σφίσι,
468 1876 620 1952 δεινότερον
642 1877 671 1935 δέ
693 1878 740 1946 έτι,
758 1878 848 1936 κείνου
869 1880 957 1935 ταῦτα

156 1964 314 2039 νενωμένου,
341 1963 491 2022 οἷπολιπεῐν
516 1963 565 2022 τᾶν
595 1965 683 2043 λόχον
709 1964 759 2023 τδν
786 1963 954 2038 Πιτανήτην,

155 2050 204 2124 μή,
224 2049 259 2125 ἢν
280 2050 443 2110 ἀπολίπωσι
458 2054 599 2114 ποιεῦντες
615 2050 651 2110 τά
670 2050 859 2126 συνεθήκαντο
880 2053 956 2109 τοῖσι

156 2136 272 2198 ἄλλοισι
294 2138 429 2214 Ἕλλησι,
454 2137 595 2213 ἀπόληται
615 2138 797 2213 ὑπολειφθεὶς
821 2137 902 2200 αύτός
925 2163 956 2196 τε

156 2223 371 2302 Ἀμομφάρετος
385 2226 430 2284 καὶ
444 2229 470 2284 οἱ
482 2225 541 2302 μετ’
557 2225 650 2286 αύτοῦ·
672 2230 761 2285 ταῦτα
780 2225 956 2306 λογιζόμενοι

156 2310 278 2388 α’τρέριας
305 2313 380 2391 εἶχον
400 2313 433 2373 τῦ
454 2312 644 2389 στρατόπεδον
664 2313 697 2373 τδ
718 2314 886 2383 Λακωνικόν,
911 2315 956 2372 καὶ

158 2404 304 2477 ἐπειρῶντο
330 2401 472 2463 πείθοντές
494 2426 543 2477 μιν
570 2400 606 2465 ὥς
632 2401 664 2461 ού
690 2401 774 2480 χρεδν
802 2401 843 2477 ε’ίη
867 2405 955 2476 ταῦτα

157 2490 269 2550 ποιέειν.

199 2579 255 2638 Καὶ
281 2581 308 2638 οἶ
333 2581 385 2656 μὲν
410 2579 583 2660 παρηγόρεον
602 2578 829 2657 Ἀμομφάρετον,
852 2577 1004 2656 μοῦνονόλ

157 2667 380 2744 Λακεδαιμονίων
389 2693 420 2727 τε
433 2669 479 2725 καὶ
492 2669 648 2747 Τεγεητέων
660 2668 853 2744 λελειμμένον.
874 2665 955 2741 Ἀθη

159 2757 229 2812 ναῖοι
242 2754 271 2813 δέ
285 2757 393 2815 ἐποίευν
406 2755 508 2814 τοιάδε·
530 2755 606 2834 εἶχον
616 2755 737 2832 ἀτρέμας
750 2756 842 2832 σφέας
856 2754 956 2816 αύτούς

159 2841 202 2900 ἵνα
219 2843 387 2921 ἐτάχθησαν,
403 2844 582 2921 ἐπιστάμενοι
598 2843 633 2902 τῦ
650 2843 873 2920 Λακεδαιμονίων
887 2849 955 2918 φρο-

157 2928 273 3006 νήματα,
298 2932 332 2994 uk
353 2931 430 2990 ἅλλα
452 2932 624 3008 φρονεόντων
646 2932 693 2990 καὶ
714 2931 791 2990 ἄλλα
808 2930 955 3010 λεγόντων·

158 3017 193 3079 ὥς
220 3018 250 3076 δέ
277 3020 389 3095 ἐκινήθη
420 3020 452 3079 τῦ
481 3019 678 3097 στρατόπεδον,
707 3020 830 3095 ἔπεμπον
860 3018 956 3093 σφέων

159 3106 245 3164 ἱππέα
269 3105 407 3185 ὀψόμενόν
430 3134 461 3167 τε
484 3112 507 3166 εί
530 3107 699 3184 πορεύεσθαι
726 3107 903 3185 ἐπιχειρέοιεν
930 3108 955 3164 οἱ

159 3195 340 3271 Σπαρτιῆται,
365 3196 418 3255 εἶτε
443 3197 489 3254 καὶ
511 3197 544 3256 τδ
567 3196 700 3273 παράπαν
723 3194 764 3272 μή
788 3195 957 3253 διανοεῦνται

159 3279 410 3348 ἀπαλλάσσεσθαι·
432 3284 594 3368 ἐπείρεσθαί
604 3309 634 3344 τε
649 3283 815 3358 Παυσανίην
827 3282 860 3341 τὸ
873 3281 957 3360 χρεῦν
