<?xml version="1.0" encoding="UTF-8"?>
<!DOCTYPE html PUBLIC "-//W3C//DTD XHTML 1.0 Transitional//EN"
    "http://www.w3.org/TR/xhtml1/DTD/xhtml1-transitional.dtd">
<html xmlns="http://www.w3.org/1999/xhtml" xml:lang="en" lang="en">
 <head>
  <title>
</title>
<meta http-equiv="Content-Type" content="text/html;charset=utf-8" />
  <meta name='ocr-system' content='tesseract 3.04.00' />
  <meta name='ocr-capabilities' content='ocr_page ocr_carea ocr_par ocr_line ocrx_word'/>
</head>
<body>
  <div class='ocr_page' id='page_1' title='image "./herodotusrecens02blakgoog_0095.png"; bbox 0 0 2276 3538; ppageno 0'>
   <div class='ocr_carea' id='block_1_1' title="bbox 159 175 1013 3415">
    <p class='ocr_par' dir='ltr' id='par_1_1' title="bbox 159 175 1013 3415">
     <span class='ocr_line' id='line_1_1' title="bbox 167 175 971 240; baseline 0 -14"><span class='ocrx_word' id='word_1_1' title='bbox 167 175 276 240; x_wconf 81' lang='lat'><strong>66-69]</strong></span> <span class='ocrx_word' id='word_1_2' title='bbox 515 178 627 225; x_wconf 71' lang='lat' dir='ltr'>nmo.</span> <span class='ocrx_word' id='word_1_3' title='bbox 939 181 971 226; x_wconf 76' lang='grc' dir='ltr'>ιιι</span> 
     </span>
     <span class='ocr_line' id='line_1_2' title="bbox 164 255 968 336; baseline 0.004 -21"><span class='ocrx_word' id='word_1_4' title='bbox 164 256 306 334; x_wconf 82' lang='grc' dir='ltr'>βασιλεῦς</span> <span class='ocrx_word' id='word_1_5' title='bbox 326 255 384 317; x_wconf 83' lang='grc' dir='ltr'>άντ’</span> <span class='ocrx_word' id='word_1_6' title='bbox 405 257 517 328; x_wconf 82' lang='grc' dir='ltr'>ἐκείνου,</span> <span class='ocrx_word' id='word_1_7' title='bbox 531 258 645 335; x_wconf 86' lang='grc' dir='ltr'>πέμψας</span> <span class='ocrx_word' id='word_1_8' title='bbox 664 256 714 318; x_wconf 81' lang='grc' dir='ltr'>τόν</span> <span class='ocrx_word' id='word_1_9' title='bbox 735 258 900 336; x_wconf 76' lang='grc' dir='ltr'>θεράποντα,</span> <span class='ocrx_word' id='word_1_10' title='bbox 922 261 968 318; x_wconf 87' lang='grc' dir='ltr'>ἐπὶ</span> 
     </span>
     <span class='ocr_line' id='line_1_3' title="bbox 165 346 966 425; baseline 0.007 -23"><span class='ocrx_word' id='word_1_11' title='bbox 165 346 271 424; x_wconf 90' lang='grc' dir='ltr'>γέλωτί</span> <span class='ocrx_word' id='word_1_12' title='bbox 287 373 318 405; x_wconf 91' lang='grc' dir='ltr'>τε</span> <span class='ocrx_word' id='word_1_13' title='bbox 337 347 382 404; x_wconf 87' lang='grc' dir='ltr'>καὶ</span> <span class='ocrx_word' id='word_1_14' title='bbox 400 346 496 425; x_wconf 84' lang='grc' dir='ltr'>λάσθῃ</span> <span class='ocrx_word' id='word_1_15' title='bbox 511 346 609 422; x_wconf 80' lang='grc' dir='ltr'>εἰρώτα</span> <span class='ocrx_word' id='word_1_16' title='bbox 625 346 675 406; x_wconf 88' lang='grc' dir='ltr'>τόν</span> <span class='ocrx_word' id='word_1_17' title='bbox 690 347 859 423; x_wconf 81' lang='grc' dir='ltr'>Δημάρητον</span> <span class='ocrx_word' id='word_1_18' title='bbox 873 347 966 408; x_wconf 90' lang='grc' dir='ltr'>όκοῖόν</span> 
     </span>
     <span class='ocr_line' id='line_1_4' title="bbox 166 433 966 516; baseline 0.006 -26"><span class='ocrx_word' id='word_1_19' title='bbox 166 458 192 491; x_wconf 89' lang='grc' dir='ltr'>τι</span> <span class='ocrx_word' id='word_1_20' title='bbox 209 434 251 509; x_wconf 89' lang='grc' dir='ltr'>εἰη</span> <span class='ocrx_word' id='word_1_21' title='bbox 264 433 297 492; x_wconf 84' lang='grc' dir='ltr'>τό</span> <span class='ocrx_word' id='word_1_22' title='bbox 311 435 406 511; x_wconf 83' lang='grc' dir='ltr'>άρχειν</span> <span class='ocrx_word' id='word_1_23' title='bbox 420 435 490 510; x_wconf 84' lang='grc' dir='ltr'>μετά</span> <span class='ocrx_word' id='word_1_24' title='bbox 507 435 540 494; x_wconf 83' lang='grc' dir='ltr'>τό</span> <span class='ocrx_word' id='word_1_25' title='bbox 559 435 742 511; x_wconf 83' lang='grc' dir='ltr'>βασιλεύειν;</span> <span class='ocrx_word' id='word_1_26' title='bbox 764 435 779 494; x_wconf 86' lang='grc' dir='ltr'>ό</span> <span class='ocrx_word' id='word_1_27' title='bbox 794 435 823 493; x_wconf 79' lang='grc' dir='ltr'>δὲ</span> <span class='ocrx_word' id='word_1_28' title='bbox 837 435 966 516; x_wconf 76' lang='grc' dir='ltr'>ἀλγήσας</span> 
     </span>
     <span class='ocr_line' id='line_1_5' title="bbox 167 521 968 601; baseline 0.006 -23"><span class='ocrx_word' id='word_1_29' title='bbox 167 524 205 598; x_wconf 77' lang='grc' dir='ltr'>τῷ</span> <span class='ocrx_word' id='word_1_30' title='bbox 220 521 421 598; x_wconf 79' lang='grc' dir='ltr'>ἐπειρωτήματι</span> <span class='ocrx_word' id='word_1_31' title='bbox 436 523 494 580; x_wconf 86' lang='grc' dir='ltr'>εἰπε</span> <span class='ocrx_word' id='word_1_32' title='bbox 509 523 565 598; x_wconf 82' lang='grc' dir='ltr'>φάς</span> <span class='ocrx_word' id='word_1_33' title='bbox 579 523 661 586; x_wconf 76' lang='grc' dir='ltr'>αὐτὸς</span> <span class='ocrx_word' id='word_1_34' title='bbox 674 525 726 599; x_wconf 82' lang='grc' dir='ltr'>μὲν</span> <span class='ocrx_word' id='word_1_35' title='bbox 739 522 906 600; x_wconf 78' lang='grc' dir='ltr'>ἀμφοτέρων</span> <span class='ocrx_word' id='word_1_36' title='bbox 915 524 968 601; x_wconf 83' lang='grc' dir='ltr'>ήδη</span> 
     </span>
     <span class='ocr_line' id='line_1_6' title="bbox 170 610 968 688; baseline 0.01 -24"><span class='ocrx_word' id='word_1_37' title='bbox 170 611 362 685; x_wconf 78' lang='grc' dir='ltr'>πεπειρῆσθαι,</span> <span class='ocrx_word' id='word_1_38' title='bbox 378 614 466 670; x_wconf 89' lang='grc' dir='ltr'>κεῖνον</span> <span class='ocrx_word' id='word_1_39' title='bbox 480 611 509 669; x_wconf 82' lang='grc' dir='ltr'>δέ</span> <span class='ocrx_word' id='word_1_40' title='bbox 523 610 564 670; x_wconf 83' lang='grc' dir='ltr'>οῦ·</span> <span class='ocrx_word' id='word_1_41' title='bbox 605 610 657 687; x_wconf 79' lang='grc' dir='ltr'>τήν</span> <span class='ocrx_word' id='word_1_42' title='bbox 674 611 770 688; x_wconf 88' lang='grc' dir='ltr'>μέντοι</span> <span class='ocrx_word' id='word_1_43' title='bbox 788 611 968 687; x_wconf 78' lang='grc' dir='ltr'>ἐπειρώτησιν</span> 
     </span>
     <span class='ocr_line' id='line_1_7' title="bbox 169 695 968 778; baseline 0.014 -25"><span class='ocrx_word' id='word_1_44' title='bbox 169 695 270 772; x_wconf 88' lang='grc' dir='ltr'>ταύτην</span> <span class='ocrx_word' id='word_1_45' title='bbox 283 697 375 775; x_wconf 79' lang='grc' dir='ltr'>ἄρξειν</span> <span class='ocrx_word' id='word_1_46' title='bbox 388 699 633 776; x_wconf 85' lang='grc' dir='ltr'>Λακεδαιμονίοισι</span> <span class='ocrx_word' id='word_1_47' title='bbox 645 698 663 775; x_wconf 83' lang='grc' dir='ltr'>ἢ</span> <span class='ocrx_word' id='word_1_48' title='bbox 675 700 776 776; x_wconf 81' lang='grc' dir='ltr'>μυρίης</span> <span class='ocrx_word' id='word_1_49' title='bbox 787 699 937 776; x_wconf 83' lang='grc' dir='ltr'>κακότητος</span> <span class='ocrx_word' id='word_1_50' title='bbox 950 700 968 778; x_wconf 84' lang='grc' dir='ltr'>ή</span> 
     </span>
     <span class='ocr_line' id='line_1_8' title="bbox 166 787 966 863; baseline 0.008 -21"><span class='ocrx_word' id='word_1_51' title='bbox 166 787 266 860; x_wconf 83' lang='grc' dir='ltr'>μυρίης</span> <span class='ocrx_word' id='word_1_52' title='bbox 285 787 465 863; x_wconf 80' lang='grc' dir='ltr'>εὐδαιμονίης.</span> <span class='ocrx_word' id='word_1_53' title='bbox 507 793 595 847; x_wconf 89' lang='grc' dir='ltr'>ταῦτα</span> <span class='ocrx_word' id='word_1_54' title='bbox 608 788 638 846; x_wconf 77' lang='grc' dir='ltr'>δέ</span> <span class='ocrx_word' id='word_1_55' title='bbox 652 790 730 850; x_wconf 85' lang='grc' dir='ltr'>εἴπας</span> <span class='ocrx_word' id='word_1_56' title='bbox 748 788 794 845; x_wconf 90' lang='grc' dir='ltr'>καὶ</span> <span class='ocrx_word' id='word_1_57' title='bbox 813 793 966 848; x_wconf 87' lang='grc' dir='ltr'>κατακαλυ-</span> 
     </span>
     <span class='ocr_line' id='line_1_9' title="bbox 167 873 966 952; baseline 0.006 -21"><span class='ocrx_word' id='word_1_58' title='bbox 167 873 297 950; x_wconf 81' lang='grc' dir='ltr'>ψάμενος,</span> <span class='ocrx_word' id='word_1_59' title='bbox 320 875 363 950; x_wconf 86' lang='grc' dir='ltr'>ήίε</span> <span class='ocrx_word' id='word_1_60' title='bbox 387 880 416 934; x_wconf 92' lang='grc' dir='ltr'>ἐκ</span> <span class='ocrx_word' id='word_1_61' title='bbox 438 881 488 935; x_wconf 90' lang='grc' dir='ltr'>τοῦ</span> <span class='ocrx_word' id='word_1_62' title='bbox 512 877 627 952; x_wconf 86' lang='grc' dir='ltr'>θεήτρου</span> <span class='ocrx_word' id='word_1_63' title='bbox 652 882 679 939; x_wconf 87' lang='grc' dir='ltr'>ἐς</span> <span class='ocrx_word' id='word_1_64' title='bbox 701 876 736 935; x_wconf 81' lang='grc' dir='ltr'>τά</span> <span class='ocrx_word' id='word_1_65' title='bbox 759 881 859 935; x_wconf 80' lang='grc' dir='ltr'>ἑωυτοῦ</span> <span class='ocrx_word' id='word_1_66' title='bbox 884 879 966 936; x_wconf 87' lang='grc' dir='ltr'>οἰκία·</span> 
     </span>
     <span class='ocr_line' id='line_1_10' title="bbox 166 961 967 1043; baseline 0.009 -25"><span class='ocrx_word' id='word_1_67' title='bbox 166 961 264 1021; x_wconf 76' lang='grc' dir='ltr'>αὐτίκα</span> <span class='ocrx_word' id='word_1_68' title='bbox 275 963 304 1022; x_wconf 82' lang='grc' dir='ltr'>δέ</span> <span class='ocrx_word' id='word_1_69' title='bbox 314 963 601 1040; x_wconf 88' lang='grc' dir='ltr'>παρασκευασάμενος</span> <span class='ocrx_word' id='word_1_70' title='bbox 612 966 671 1024; x_wconf 82' lang='grc' dir='ltr'>ἔθυε</span> <span class='ocrx_word' id='word_1_71' title='bbox 682 970 719 1043; x_wconf 80' lang='grc' dir='ltr'>τῷ</span> <span class='ocrx_word' id='word_1_72' title='bbox 730 965 778 1023; x_wconf 83' lang='grc' dir='ltr'>Διί</span> <span class='ocrx_word' id='word_1_73' title='bbox 788 967 868 1039; x_wconf 85' lang='grc' dir='ltr'>βοῦν,</span> <span class='ocrx_word' id='word_1_74' title='bbox 879 967 967 1030; x_wconf 80' lang='grc' dir='ltr'>θύσας</span> 
     </span>
     <span class='ocr_line' id='line_1_11' title="bbox 167 1049 1013 1134; baseline 0.011 -28"><span class='ocrx_word' id='word_1_75' title='bbox 167 1049 204 1117; x_wconf 81' lang='grc' dir='ltr'>δὲ,</span> <span class='ocrx_word' id='word_1_76' title='bbox 225 1051 276 1126; x_wconf 79' lang='grc' dir='ltr'>τήν</span> <span class='ocrx_word' id='word_1_77' title='bbox 296 1055 403 1128; x_wconf 91' lang='grc' dir='ltr'>μητέρα</span> <span class='ocrx_word' id='word_1_78' title='bbox 422 1051 549 1110; x_wconf 90' lang='grc' dir='ltr'>ἐκάλεσε.</span> <span class='ocrx_word' id='word_1_79' title='bbox 589 1052 759 1131; x_wconf 81' lang='grc' dir='ltr'>Ἀπικομένη</span> <span class='ocrx_word' id='word_1_80' title='bbox 781 1053 810 1111; x_wconf 81' lang='grc' dir='ltr'>δέ</span> <span class='ocrx_word' id='word_1_81' title='bbox 829 1057 865 1131; x_wconf 82' lang='grc' dir='ltr'>τῇ</span> <span class='ocrx_word' id='word_1_82' title='bbox 882 1058 966 1134; x_wconf 84' lang='grc' dir='ltr'>μητρὶ</span> <span class='ocrx_word' id='word_1_83' title='bbox 976 1059 1013 1115; x_wconf 88' lang='grc'>68</span> 
     </span>
     <span class='ocr_line' id='line_1_12' title="bbox 169 1137 966 1220; baseline 0.013 -28"><span class='ocrx_word' id='word_1_84' title='bbox 169 1137 260 1200; x_wconf 80' lang='grc' dir='ltr'>ἐσθεὶς</span> <span class='ocrx_word' id='word_1_85' title='bbox 276 1144 303 1200; x_wconf 86' lang='grc' dir='ltr'>ἐς</span> <span class='ocrx_word' id='word_1_86' title='bbox 319 1141 369 1202; x_wconf 81' lang='grc' dir='ltr'>τάς</span> <span class='ocrx_word' id='word_1_87' title='bbox 387 1139 482 1218; x_wconf 85' lang='grc' dir='ltr'>χεῖράς</span> <span class='ocrx_word' id='word_1_88' title='bbox 501 1145 527 1198; x_wconf 85' lang='grc' dir='ltr'>οἰ</span> <span class='ocrx_word' id='word_1_89' title='bbox 545 1145 599 1198; x_wconf 84' lang='grc' dir='ltr'>τῶν</span> <span class='ocrx_word' id='word_1_90' title='bbox 616 1141 796 1220; x_wconf 83' lang='grc' dir='ltr'>σπλάγχνων,</span> <span class='ocrx_word' id='word_1_91' title='bbox 812 1146 966 1202; x_wconf 81' lang='grc' dir='ltr'>κατικέτευε</span> 
     </span>
     <span class='ocr_line' id='line_1_13' title="bbox 168 1223 966 1302; baseline 0.01 -21"><span class='ocrx_word' id='word_1_92' title='bbox 168 1223 258 1302; x_wconf 84' lang='grc' dir='ltr'>λέγων</span> <span class='ocrx_word' id='word_1_93' title='bbox 279 1226 381 1284; x_wconf 73' lang='grc' dir='ltr'>τοιάδε’</span> <span class='ocrx_word' id='word_1_94' title='bbox 411 1227 458 1284; x_wconf 82' lang='grc' dir='ltr'>“ὦ</span> <span class='ocrx_word' id='word_1_95' title='bbox 479 1231 576 1302; x_wconf 77' lang='grc' dir='ltr'>μῆτερ,</span> <span class='ocrx_word' id='word_1_96' title='bbox 600 1228 669 1285; x_wconf 78' lang='grc' dir='ltr'>θεῶν</span> <span class='ocrx_word' id='word_1_97' title='bbox 690 1253 724 1286; x_wconf 92' lang='grc' dir='ltr'>σε</span> <span class='ocrx_word' id='word_1_98' title='bbox 745 1232 799 1286; x_wconf 78' lang='grc' dir='ltr'>τῶν</span> <span class='ocrx_word' id='word_1_99' title='bbox 820 1255 850 1286; x_wconf 91' lang='grc' dir='ltr'>τε</span> <span class='ocrx_word' id='word_1_100' title='bbox 871 1229 966 1290; x_wconf 75' lang='grc' dir='ltr'>ἄλλων</span> 
     </span>
     <span class='ocr_line' id='line_1_14' title="bbox 169 1313 966 1391; baseline 0.015 -23"><span class='ocrx_word' id='word_1_101' title='bbox 169 1313 376 1389; x_wconf 89' lang='grc' dir='ltr'>καταπτόμενος</span> <span class='ocrx_word' id='word_1_102' title='bbox 395 1315 504 1374; x_wconf 80' lang='grc' dir='ltr'>ἱκετεύω</span> <span class='ocrx_word' id='word_1_103' title='bbox 521 1316 566 1372; x_wconf 86' lang='grc' dir='ltr'>καὶ</span> <span class='ocrx_word' id='word_1_104' title='bbox 584 1320 635 1373; x_wconf 90' lang='grc' dir='ltr'>τοῦ</span> <span class='ocrx_word' id='word_1_105' title='bbox 652 1316 777 1391; x_wconf 83' lang='grc' dir='ltr'>Ἑρκείου</span> <span class='ocrx_word' id='word_1_106' title='bbox 799 1318 866 1380; x_wconf 84' lang='grc' dir='ltr'>Διός</span> <span class='ocrx_word' id='word_1_107' title='bbox 886 1322 966 1380; x_wconf 85' lang='grc' dir='ltr'>τοῦδε</span> 
     </span>
     <span class='ocr_line' id='line_1_15' title="bbox 167 1399 966 1489; baseline 0.008 -32"><span class='ocrx_word' id='word_1_108' title='bbox 167 1399 277 1475; x_wconf 84' lang='grc' dir='ltr'>φράσαι</span> <span class='ocrx_word' id='word_1_109' title='bbox 292 1429 342 1477; x_wconf 92' lang='grc' dir='ltr'>μοι</span> <span class='ocrx_word' id='word_1_110' title='bbox 359 1403 410 1478; x_wconf 83' lang='grc' dir='ltr'>τήν</span> <span class='ocrx_word' id='word_1_111' title='bbox 429 1403 574 1478; x_wconf 82' lang='grc' dir='ltr'>α’ληθηίην,</span> <span class='ocrx_word' id='word_1_112' title='bbox 589 1404 630 1466; x_wconf 89' lang='grc' dir='ltr'>τίς</span> <span class='ocrx_word' id='word_1_113' title='bbox 643 1430 695 1479; x_wconf 90' lang='grc' dir='ltr'>μευ</span> <span class='ocrx_word' id='word_1_114' title='bbox 712 1405 772 1462; x_wconf 85' lang='grc' dir='ltr'>ἐστὶ</span> <span class='ocrx_word' id='word_1_115' title='bbox 786 1406 878 1482; x_wconf 82' lang='grc' dir='ltr'>πατήρ</span> <span class='ocrx_word' id='word_1_116' title='bbox 894 1407 966 1489; x_wconf 71' lang='grc' dir='ltr'>ὀρθῷ</span> 
     </span>
     <span class='ocr_line' id='line_1_16' title="bbox 166 1487 964 1572; baseline 0.015 -28"><span class='ocrx_word' id='word_1_117' title='bbox 166 1487 258 1568; x_wconf 84' lang='grc' dir='ltr'>λόγῳ;</span> <span class='ocrx_word' id='word_1_118' title='bbox 286 1492 459 1570; x_wconf 68' lang='grc' dir='ltr'>’Λευτυχιῦης</span> <span class='ocrx_word' id='word_1_119' title='bbox 480 1494 532 1568; x_wconf 80' lang='grc' dir='ltr'>μὲν</span> <span class='ocrx_word' id='word_1_120' title='bbox 555 1491 609 1572; x_wconf 82' lang='grc' dir='ltr'>γάρ</span> <span class='ocrx_word' id='word_1_121' title='bbox 633 1493 687 1567; x_wconf 84' lang='grc' dir='ltr'>ἐφη</span> <span class='ocrx_word' id='word_1_122' title='bbox 710 1497 738 1551; x_wconf 89' lang='grc' dir='ltr'>ἐν</span> <span class='ocrx_word' id='word_1_123' title='bbox 760 1497 835 1551; x_wconf 87' lang='grc' dir='ltr'>τοῖσι</span> <span class='ocrx_word' id='word_1_124' title='bbox 862 1498 964 1556; x_wconf 84' lang='grc' dir='ltr'>νείκεσι</span> 
     </span>
     <span class='ocr_line' id='line_1_17' title="bbox 166 1578 964 1660; baseline 0.011 -26"><span class='ocrx_word' id='word_1_125' title='bbox 166 1578 262 1657; x_wconf 88' lang='grc' dir='ltr'>λέγων,</span> <span class='ocrx_word' id='word_1_126' title='bbox 287 1580 424 1639; x_wconf 91' lang='grc' dir='ltr'>κυέουσάν</span> <span class='ocrx_word' id='word_1_127' title='bbox 446 1607 480 1639; x_wconf 95' lang='grc' dir='ltr'>σε</span> <span class='ocrx_word' id='word_1_128' title='bbox 502 1587 531 1638; x_wconf 87' lang='grc' dir='ltr'>ἐκ</span> <span class='ocrx_word' id='word_1_129' title='bbox 552 1585 602 1640; x_wconf 91' lang='grc' dir='ltr'>τοῦ</span> <span class='ocrx_word' id='word_1_130' title='bbox 623 1582 760 1658; x_wconf 74' lang='grc' dir='ltr'>προτέρου</span> <span class='ocrx_word' id='word_1_131' title='bbox 778 1582 875 1660; x_wconf 78' lang='grc' dir='ltr'>άνδρός</span> <span class='ocrx_word' id='word_1_132' title='bbox 894 1586 964 1646; x_wconf 77' lang='grc' dir='ltr'>οῖτω</span> 
     </span>
     <span class='ocr_line' id='line_1_18' title="bbox 165 1667 964 1751; baseline 0.013 -28"><span class='ocrx_word' id='word_1_133' title='bbox 165 1667 257 1726; x_wconf 80' lang='grc' dir='ltr'>ἐλθεῖν</span> <span class='ocrx_word' id='word_1_134' title='bbox 278 1669 353 1746; x_wconf 85' lang='grc' dir='ltr'>παρά</span> <span class='ocrx_word' id='word_1_135' title='bbox 371 1668 536 1744; x_wconf 89' lang='grc' dir='ltr'>Ἀρίστωνα·</span> <span class='ocrx_word' id='word_1_136' title='bbox 558 1673 585 1728; x_wconf 84' lang='grc' dir='ltr'>οἱ</span> <span class='ocrx_word' id='word_1_137' title='bbox 603 1669 632 1728; x_wconf 78' lang='grc' dir='ltr'>δὲ</span> <span class='ocrx_word' id='word_1_138' title='bbox 652 1671 697 1728; x_wconf 88' lang='grc' dir='ltr'>καὶ</span> <span class='ocrx_word' id='word_1_139' title='bbox 715 1669 765 1730; x_wconf 85' lang='grc' dir='ltr'>τόν</span> <span class='ocrx_word' id='word_1_140' title='bbox 780 1673 964 1751; x_wconf 87' lang='grc' dir='ltr'>ματαιότερον</span> 
     </span>
     <span class='ocr_line' id='line_1_19' title="bbox 166 1754 964 1838; baseline 0.009 -25"><span class='ocrx_word' id='word_1_141' title='bbox 166 1754 251 1829; x_wconf 88' lang='grc' dir='ltr'>λόγον</span> <span class='ocrx_word' id='word_1_142' title='bbox 271 1759 401 1838; x_wconf 90' lang='grc' dir='ltr'>λέγοντες</span> <span class='ocrx_word' id='word_1_143' title='bbox 420 1759 496 1832; x_wconf 89' lang='grc' dir='ltr'>φασί</span> <span class='ocrx_word' id='word_1_144' title='bbox 511 1784 546 1816; x_wconf 93' lang='grc' dir='ltr'>σε</span> <span class='ocrx_word' id='word_1_145' title='bbox 564 1759 655 1817; x_wconf 79' lang='grc' dir='ltr'>ἐλθεῖν</span> <span class='ocrx_word' id='word_1_146' title='bbox 674 1759 751 1834; x_wconf 81' lang='grc' dir='ltr'>παρά</span> <span class='ocrx_word' id='word_1_147' title='bbox 766 1763 821 1818; x_wconf 81' lang='grc' dir='ltr'>τῶν</span> <span class='ocrx_word' id='word_1_148' title='bbox 839 1764 964 1822; x_wconf 81' lang='grc' dir='ltr'>οἰκετέων</span> 
     </span>
     <span class='ocr_line' id='line_1_20' title="bbox 162 1842 964 1929; baseline 0.011 -29"><span class='ocrx_word' id='word_1_149' title='bbox 162 1842 211 1901; x_wconf 81' lang='grc' dir='ltr'>τόν</span> <span class='ocrx_word' id='word_1_150' title='bbox 224 1843 395 1922; x_wconf 78' lang='grc' dir='ltr'>ὀνοφορβόν,</span> <span class='ocrx_word' id='word_1_151' title='bbox 410 1847 455 1904; x_wconf 84' lang='grc' dir='ltr'>καὶ</span> <span class='ocrx_word' id='word_1_152' title='bbox 470 1849 518 1922; x_wconf 85' lang='grc' dir='ltr'>ἐμὲ</span> <span class='ocrx_word' id='word_1_153' title='bbox 535 1847 604 1904; x_wconf 83' lang='grc' dir='ltr'>εἶναι</span> <span class='ocrx_word' id='word_1_154' title='bbox 618 1847 721 1906; x_wconf 88' lang='grc' dir='ltr'>ἐκείνου</span> <span class='ocrx_word' id='word_1_155' title='bbox 734 1848 829 1905; x_wconf 85' lang='grc' dir='ltr'>παῖδα.</span> <span class='ocrx_word' id='word_1_156' title='bbox 860 1850 913 1929; x_wconf 80' lang='grc' dir='ltr'>ε’γαί</span> <span class='ocrx_word' id='word_1_157' title='bbox 928 1849 964 1909; x_wconf 76' lang='grc' dir='ltr'>ὧν</span> 
     </span>
     <span class='ocr_line' id='line_1_21' title="bbox 163 1934 962 2017; baseline 0.008 -28"><span class='ocrx_word' id='word_1_158' title='bbox 163 1957 198 1989; x_wconf 87' lang='grc' dir='ltr'>σε</span> <span class='ocrx_word' id='word_1_159' title='bbox 210 1935 382 2012; x_wconf 84' lang='grc' dir='ltr'>μετέρχομαι</span> <span class='ocrx_word' id='word_1_160' title='bbox 395 1940 449 1994; x_wconf 84' lang='grc' dir='ltr'>τῶν</span> <span class='ocrx_word' id='word_1_161' title='bbox 464 1935 532 1994; x_wconf 77' lang='grc' dir='ltr'>θεῶν</span> <span class='ocrx_word' id='word_1_162' title='bbox 546 1939 631 1994; x_wconf 87' lang='grc' dir='ltr'>εἰπεῖν</span> <span class='ocrx_word' id='word_1_163' title='bbox 644 1934 677 1993; x_wconf 84' lang='grc' dir='ltr'>τό</span> <span class='ocrx_word' id='word_1_164' title='bbox 692 1935 803 2010; x_wconf 85' lang='grc' dir='ltr'>άληθές·</span> <span class='ocrx_word' id='word_1_165' title='bbox 826 1935 889 1995; x_wconf 80' lang='grc' dir='ltr'>οὔτε</span> <span class='ocrx_word' id='word_1_166' title='bbox 898 1938 962 2017; x_wconf 83' lang='grc' dir='ltr'>γάρ,</span> 
     </span>
     <span class='ocr_line' id='line_1_22' title="bbox 164 2022 962 2104; baseline 0.009 -27"><span class='ocrx_word' id='word_1_167' title='bbox 164 2022 189 2078; x_wconf 85' lang='grc' dir='ltr'>εἴ</span> <span class='ocrx_word' id='word_1_168' title='bbox 200 2047 252 2098; x_wconf 87' lang='grc' dir='ltr'>περ</span> <span class='ocrx_word' id='word_1_169' title='bbox 266 2025 418 2100; x_wconf 86' lang='grc' dir='ltr'>πεποίηκάς</span> <span class='ocrx_word' id='word_1_170' title='bbox 431 2051 458 2083; x_wconf 90' lang='grc' dir='ltr'>τι</span> <span class='ocrx_word' id='word_1_171' title='bbox 471 2029 526 2083; x_wconf 83' lang='grc' dir='ltr'>τῶν</span> <span class='ocrx_word' id='word_1_172' title='bbox 537 2025 703 2104; x_wconf 88' lang='grc' dir='ltr'>λεγομένων,</span> <span class='ocrx_word' id='word_1_173' title='bbox 714 2023 803 2099; x_wconf 82' lang='grc' dir='ltr'>μούνη</span> <span class='ocrx_word' id='word_1_174' title='bbox 818 2025 851 2098; x_wconf 82' lang='grc' dir='ltr'>δή</span> <span class='ocrx_word' id='word_1_175' title='bbox 866 2027 962 2084; x_wconf 87' lang='grc' dir='ltr'>πεποί-</span> 
     </span>
     <span class='ocr_line' id='line_1_23' title="bbox 163 2103 964 2192; baseline 0.005 -26"><span class='ocrx_word' id='word_1_176' title='bbox 163 2135 230 2183; x_wconf 83' lang='grc' dir='ltr'>ηκας</span> <span class='ocrx_word' id='word_1_177' title='bbox 242 2112 313 2186; x_wconf 81' lang='grc' dir='ltr'>μετά</span> <span class='ocrx_word' id='word_1_178' title='bbox 323 2114 453 2171; x_wconf 88' lang='grc' dir='ltr'>πολλέων</span> <span class='ocrx_word' id='word_1_179' title='bbox 467 2113 505 2170; x_wconf 81' lang='grc' dir='ltr'>δέ·</span> <span class='ocrx_word' id='word_1_180' title='bbox 521 2110 536 2170; x_wconf 85' lang='grc' dir='ltr'>ὅ</span> <span class='ocrx_word' id='word_1_181' title='bbox 547 2137 578 2170; x_wconf 93' lang='grc' dir='ltr'>τε</span> <span class='ocrx_word' id='word_1_182' title='bbox 589 2103 675 2191; x_wconf 84' lang='grc' dir='ltr'>λόγος</span> <span class='ocrx_word' id='word_1_183' title='bbox 687 2111 798 2173; x_wconf 84' lang='grc' dir='ltr'>πολλός</span> <span class='ocrx_word' id='word_1_184' title='bbox 809 2118 837 2170; x_wconf 90' lang='grc' dir='ltr'>ἐν</span> <span class='ocrx_word' id='word_1_185' title='bbox 848 2112 964 2192; x_wconf 76' lang='grc' dir='ltr'>Σπάρτῃ</span> 
     </span>
     <span class='ocr_line' id='line_1_24' title="bbox 163 2197 963 2277; baseline 0 -17"><span class='ocrx_word' id='word_1_186' title='bbox 163 2197 198 2260; x_wconf 73' lang='grc' dir='ltr'>(ῦς</span> <span class='ocrx_word' id='word_1_187' title='bbox 216 2198 365 2276; x_wconf 84' lang='grc' dir='ltr'>Ἀρίστωνι</span> <span class='ocrx_word' id='word_1_188' title='bbox 386 2203 500 2277; x_wconf 89' lang='grc' dir='ltr'>σπέρμα</span> <span class='ocrx_word' id='word_1_189' title='bbox 520 2199 686 2258; x_wconf 83' lang='grc' dir='ltr'>παιδοποιόν</span> <span class='ocrx_word' id='word_1_190' title='bbox 699 2197 757 2256; x_wconf 69' lang='grc' dir='ltr'>,ούκ</span> <span class='ocrx_word' id='word_1_191' title='bbox 778 2203 851 2272; x_wconf 72' lang='grc' dir='ltr'>ἐνῆν·</span> <span class='ocrx_word' id='word_1_192' title='bbox 874 2206 963 2261; x_wconf 84' lang='grc' dir='ltr'>τεκεῖν</span> 
     </span>
     <span class='ocr_line' id='line_1_25' title="bbox 162 2285 1009 2365; baseline 0.004 -21"><span class='ocrx_word' id='word_1_193' title='bbox 162 2285 217 2364; x_wconf 83' lang='grc' dir='ltr'>γάρ</span> <span class='ocrx_word' id='word_1_194' title='bbox 233 2287 266 2346; x_wconf 81' lang='grc' dir='ltr'>ἄν</span> <span class='ocrx_word' id='word_1_195' title='bbox 285 2291 311 2347; x_wconf 82' lang='grc' dir='ltr'>οἰ</span> <span class='ocrx_word' id='word_1_196' title='bbox 331 2290 442 2350; x_wconf 80' lang='grc' dir='ltr'>καὶτοῖς</span> <span class='ocrx_word' id='word_1_197' title='bbox 460 2289 598 2364; x_wconf 83' lang='grc' dir='ltr'>προτέρας</span> <span class='ocrx_word' id='word_1_198' title='bbox 615 2285 771 2365; x_wconf 87' lang='grc' dir='ltr'>γυναῖκας.”</span> <span class='ocrx_word' id='word_1_199' title='bbox 813 2285 847 2344; x_wconf 78' lang='lat' dir='ltr'>‘O</span> <span class='ocrx_word' id='word_1_200' title='bbox 863 2291 915 2364; x_wconf 80' lang='grc' dir='ltr'>μὲν</span> <span class='ocrx_word' id='word_1_201' title='bbox 929 2290 962 2365; x_wconf 78' lang='grc' dir='ltr'>δή</span> <span class='ocrx_word' id='word_1_202' title='bbox 973 2295 1009 2351; x_wconf 86' lang='grc'>69</span> 
     </span>
     <span class='ocr_line' id='line_1_26' title="bbox 162 2375 961 2458; baseline 0.009 -28"><span class='ocrx_word' id='word_1_203' title='bbox 162 2380 276 2435; x_wconf 88' lang='grc' dir='ltr'>τοιαῦτα</span> <span class='ocrx_word' id='word_1_204' title='bbox 304 2379 392 2458; x_wconf 83' lang='grc' dir='ltr'>ἔλεγε·</span> <span class='ocrx_word' id='word_1_205' title='bbox 427 2376 446 2452; x_wconf 84' lang='grc' dir='ltr'>ή</span> <span class='ocrx_word' id='word_1_206' title='bbox 474 2377 503 2434; x_wconf 82' lang='grc' dir='ltr'>δὲ</span> <span class='ocrx_word' id='word_1_207' title='bbox 530 2375 665 2450; x_wconf 75' lang='grc' dir='ltr'>ἀμείβετο</span> <span class='ocrx_word' id='word_1_208' title='bbox 691 2375 795 2432; x_wconf 83' lang='grc' dir='ltr'>τοῖσδε·</span> <span class='ocrx_word' id='word_1_209' title='bbox 828 2375 875 2435; x_wconf 84' lang='grc' dir='ltr'>“ὥ</span> <span class='ocrx_word' id='word_1_210' title='bbox 902 2382 961 2448; x_wconf 86' lang='grc' dir='ltr'>παῖ,</span> 
     </span>
     <span class='ocr_line' id='line_1_27' title="bbox 165 2461 960 2544; baseline 0.01 -26"><span class='ocrx_word' id='word_1_211' title='bbox 165 2466 251 2522; x_wconf 68' lang='grc' dir='ltr'>ἐπείτε</span> <span class='ocrx_word' id='word_1_212' title='bbox 264 2492 300 2541; x_wconf 91' lang='grc' dir='ltr'>με</span> <span class='ocrx_word' id='word_1_213' title='bbox 314 2470 412 2544; x_wconf 77' lang='grc' dir='ltr'>λιτῇσι</span> <span class='ocrx_word' id='word_1_214' title='bbox 422 2465 568 2542; x_wconf 84' lang='grc' dir='ltr'>μετέρχεαι</span> <span class='ocrx_word' id='word_1_215' title='bbox 583 2466 668 2521; x_wconf 88' lang='grc' dir='ltr'>εἰπεῖν</span> <span class='ocrx_word' id='word_1_216' title='bbox 678 2461 730 2537; x_wconf 82' lang='grc' dir='ltr'>τήν</span> <span class='ocrx_word' id='word_1_217' title='bbox 744 2462 889 2542; x_wconf 82' lang='grc' dir='ltr'>άληθηίην,</span> <span class='ocrx_word' id='word_1_218' title='bbox 903 2472 960 2526; x_wconf 82' lang='grc' dir='ltr'>πᾶν</span> 
     </span>
     <span class='ocr_line' id='line_1_28' title="bbox 162 2550 960 2634; baseline 0.009 -26"><span class='ocrx_word' id='word_1_219' title='bbox 162 2555 199 2614; x_wconf 82' lang='grc' dir='ltr'>εἰς</span> <span class='ocrx_word' id='word_1_220' title='bbox 212 2555 246 2611; x_wconf 86' lang='grc' dir='ltr'>σέ</span> <span class='ocrx_word' id='word_1_221' title='bbox 261 2554 454 2630; x_wconf 90' lang='grc' dir='ltr'>κατειρήσεται</span> <span class='ocrx_word' id='word_1_222' title='bbox 467 2553 596 2628; x_wconf 81' lang='grc' dir='ltr'>τάληθές.</span> <span class='ocrx_word' id='word_1_223' title='bbox 635 2550 669 2614; x_wconf 80' lang='grc' dir='ltr'>ὥς</span> <span class='ocrx_word' id='word_1_224' title='bbox 682 2577 718 2627; x_wconf 91' lang='grc' dir='ltr'>με</span> <span class='ocrx_word' id='word_1_225' title='bbox 731 2551 852 2634; x_wconf 78' lang='grc' dir='ltr'>ἠγάγετο</span> <span class='ocrx_word' id='word_1_226' title='bbox 865 2555 960 2632; x_wconf 88' lang='grc' dir='ltr'>Ἀρίσ-</span> 
     </span>
     <span class='ocr_line' id='line_1_29' title="bbox 161 2640 960 2722; baseline 0.01 -26"><span class='ocrx_word' id='word_1_227' title='bbox 161 2665 214 2698; x_wconf 91' lang='grc' dir='ltr'>των</span> <span class='ocrx_word' id='word_1_228' title='bbox 228 2647 255 2704; x_wconf 88' lang='grc' dir='ltr'>ἐς</span> <span class='ocrx_word' id='word_1_229' title='bbox 269 2646 377 2712; x_wconf 77' lang='grc' dir='ltr'>ἑωυτοῦ,</span> <span class='ocrx_word' id='word_1_230' title='bbox 391 2644 467 2702; x_wconf 89' lang='grc' dir='ltr'>νυκτὶ</span> <span class='ocrx_word' id='word_1_231' title='bbox 481 2642 560 2719; x_wconf 85' lang='grc' dir='ltr'>τρίτῃ</span> <span class='ocrx_word' id='word_1_232' title='bbox 574 2640 630 2700; x_wconf 82' lang='grc' dir='ltr'>άπῦ</span> <span class='ocrx_word' id='word_1_233' title='bbox 644 2645 694 2716; x_wconf 82' lang='grc' dir='ltr'>τῆς</span> <span class='ocrx_word' id='word_1_234' title='bbox 704 2641 814 2718; x_wconf 90' lang='grc' dir='ltr'>πρώτης</span> <span class='ocrx_word' id='word_1_235' title='bbox 827 2643 900 2718; x_wconf 83' lang='grc' dir='ltr'>ἦλθέ</span> <span class='ocrx_word' id='word_1_236' title='bbox 912 2672 960 2722; x_wconf 91' lang='grc' dir='ltr'>μοι</span> 
     </span>
     <span class='ocr_line' id='line_1_30' title="bbox 161 2729 960 2807; baseline 0.008 -21"><span class='ocrx_word' id='word_1_237' title='bbox 161 2729 266 2805; x_wconf 80' lang='grc' dir='ltr'>φάσμα</span> <span class='ocrx_word' id='word_1_238' title='bbox 280 2729 420 2806; x_wconf 81' lang='grc' dir='ltr'>εἰδόμενον</span> <span class='ocrx_word' id='word_1_239' title='bbox 432 2729 589 2807; x_wconf 87' lang='grc' dir='ltr'>Ἀρίστωνι·</span> <span class='ocrx_word' id='word_1_240' title='bbox 605 2731 769 2804; x_wconf 84' lang='grc' dir='ltr'>συνευνηθὲν</span> <span class='ocrx_word' id='word_1_241' title='bbox 783 2731 812 2789; x_wconf 84' lang='grc' dir='ltr'>δὲ</span> <span class='ocrx_word' id='word_1_242' title='bbox 822 2733 885 2796; x_wconf 82' lang='grc' dir='ltr'>τοῦς</span> <span class='ocrx_word' id='word_1_243' title='bbox 899 2760 960 2792; x_wconf 87' lang='grc' dir='ltr'>στε-</span> 
     </span>
     <span class='ocr_line' id='line_1_31' title="bbox 161 2816 960 2901; baseline 0.006 -26"><span class='ocrx_word' id='word_1_244' title='bbox 161 2816 267 2889; x_wconf 85' lang='grc' dir='ltr'>φάνους</span> <span class='ocrx_word' id='word_1_245' title='bbox 281 2817 327 2880; x_wconf 83' lang='grc' dir='ltr'>οῦς</span> <span class='ocrx_word' id='word_1_246' title='bbox 341 2818 398 2896; x_wconf 83' lang='grc' dir='ltr'>εἶχε</span> <span class='ocrx_word' id='word_1_247' title='bbox 414 2820 475 2894; x_wconf 86' lang='grc' dir='ltr'>ἐμοὶ</span> <span class='ocrx_word' id='word_1_248' title='bbox 489 2820 646 2894; x_wconf 89' lang='grc' dir='ltr'>περιετίθει·</span> <span class='ocrx_word' id='word_1_249' title='bbox 669 2820 714 2876; x_wconf 87' lang='grc' dir='ltr'>καὶ</span> <span class='ocrx_word' id='word_1_250' title='bbox 727 2819 759 2878; x_wconf 87' lang='grc' dir='ltr'>τό</span> <span class='ocrx_word' id='word_1_251' title='bbox 773 2824 825 2896; x_wconf 83' lang='grc' dir='ltr'>μὲν</span> <span class='ocrx_word' id='word_1_252' title='bbox 839 2822 960 2901; x_wconf 76' lang='grc' dir='ltr'>οἰχώκεε,</span> 
     </span>
     <span class='ocr_line' id='line_1_32' title="bbox 159 2902 960 2986; baseline 0.006 -25"><span class='ocrx_word' id='word_1_253' title='bbox 159 2902 210 2977; x_wconf 85' lang='grc' dir='ltr'>ἧκε</span> <span class='ocrx_word' id='word_1_254' title='bbox 224 2906 254 2964; x_wconf 83' lang='grc' dir='ltr'>δὲ</span> <span class='ocrx_word' id='word_1_255' title='bbox 267 2907 338 2981; x_wconf 82' lang='grc' dir='ltr'>μετά</span> <span class='ocrx_word' id='word_1_256' title='bbox 350 2911 439 2965; x_wconf 87' lang='grc' dir='ltr'>ταῦτα</span> <span class='ocrx_word' id='word_1_257' title='bbox 452 2907 598 2982; x_wconf 89' lang='grc' dir='ltr'>Ἀρίστων·</span> <span class='ocrx_word' id='word_1_258' title='bbox 622 2906 655 2968; x_wconf 80' lang='grc' dir='ltr'>ὦς</span> <span class='ocrx_word' id='word_1_259' title='bbox 669 2907 699 2965; x_wconf 86' lang='grc' dir='ltr'>δέ</span> <span class='ocrx_word' id='word_1_260' title='bbox 710 2935 746 2983; x_wconf 92' lang='grc' dir='ltr'>με</span> <span class='ocrx_word' id='word_1_261' title='bbox 766 2909 820 2966; x_wconf 82' lang='grc' dir='ltr'>εἰδε</span> <span class='ocrx_word' id='word_1_262' title='bbox 840 2911 960 2986; x_wconf 83' lang='grc' dir='ltr'>ἔχουσαν</span> 
     </span>
     <span class='ocr_line' id='line_1_33' title="bbox 160 2993 961 3076; baseline 0.005 -26"><span class='ocrx_word' id='word_1_263' title='bbox 160 2994 325 3070; x_wconf 84' lang='grc' dir='ltr'>στεφάνους,</span> <span class='ocrx_word' id='word_1_264' title='bbox 338 2993 435 3071; x_wconf 88' lang='grc' dir='ltr'>εἰρώτα</span> <span class='ocrx_word' id='word_1_265' title='bbox 449 2996 490 3057; x_wconf 86' lang='grc' dir='ltr'>τίς</span> <span class='ocrx_word' id='word_1_266' title='bbox 504 2995 546 3070; x_wconf 82' lang='grc' dir='ltr'>εἴη</span> <span class='ocrx_word' id='word_1_267' title='bbox 558 2994 573 3054; x_wconf 84' lang='grc' dir='ltr'>ὅ</span> <span class='ocrx_word' id='word_1_268' title='bbox 583 3021 632 3070; x_wconf 89' lang='grc' dir='ltr'>μοι</span> <span class='ocrx_word' id='word_1_269' title='bbox 643 2995 721 3064; x_wconf 85' lang='grc' dir='ltr'>δούς;</span> <span class='ocrx_word' id='word_1_270' title='bbox 743 2997 796 3076; x_wconf 80' lang='grc' dir='ltr'>ἐγώ</span> <span class='ocrx_word' id='word_1_271' title='bbox 808 2997 837 3053; x_wconf 86' lang='grc' dir='ltr'>δὲ</span> <span class='ocrx_word' id='word_1_272' title='bbox 849 2997 961 3071; x_wconf 83' lang='grc' dir='ltr'>ἐφάμην</span> 
     </span>
     <span class='ocr_line' id='line_1_34' title="bbox 161 3082 961 3164; baseline 0.005 -26"><span class='ocrx_word' id='word_1_273' title='bbox 161 3085 275 3142; x_wconf 86' lang='grc' dir='ltr'>ἐκεῖνον·</span> <span class='ocrx_word' id='word_1_274' title='bbox 303 3082 319 3142; x_wconf 85' lang='grc' dir='ltr'>ό</span> <span class='ocrx_word' id='word_1_275' title='bbox 340 3083 369 3141; x_wconf 84' lang='grc' dir='ltr'>δὲ</span> <span class='ocrx_word' id='word_1_276' title='bbox 394 3083 443 3142; x_wconf 77' lang='grc' dir='ltr'>οἰκ</span> <span class='ocrx_word' id='word_1_277' title='bbox 468 3083 624 3142; x_wconf 84' lang='grc' dir='ltr'>ῦπεδέκετο·</span> <span class='ocrx_word' id='word_1_278' title='bbox 647 3085 699 3164; x_wconf 80' lang='grc' dir='ltr'>ἐγώ</span> <span class='ocrx_word' id='word_1_279' title='bbox 722 3085 751 3142; x_wconf 84' lang='grc' dir='ltr'>δὲ</span> <span class='ocrx_word' id='word_1_280' title='bbox 778 3083 961 3159; x_wconf 89' lang='grc' dir='ltr'>κατωμνύμην</span> 
     </span>
     <span class='ocr_line' id='line_1_35' title="bbox 161 3170 959 3246; baseline 0.004 -19"><span class='ocrx_word' id='word_1_281' title='bbox 161 3172 273 3246; x_wconf 91' lang='grc' dir='ltr'>φαμένη</span> <span class='ocrx_word' id='word_1_282' title='bbox 300 3170 385 3230; x_wconf 75' lang='grc' dir='ltr'>αὐτόν</span> <span class='ocrx_word' id='word_1_283' title='bbox 419 3171 451 3230; x_wconf 82' lang='grc' dir='ltr'>ού</span> <span class='ocrx_word' id='word_1_284' title='bbox 487 3175 578 3234; x_wconf 83' lang='grc' dir='ltr'>καλῶς</span> <span class='ocrx_word' id='word_1_285' title='bbox 611 3173 714 3230; x_wconf 88' lang='grc' dir='ltr'>ποιέειν</span> <span class='ocrx_word' id='word_1_286' title='bbox 746 3170 959 3245; x_wconf 88' lang='grc' dir='ltr'>άπαρνεύμενον·</span> 
     </span>
     <span class='ocr_line' id='line_1_36' title="bbox 161 3249 961 3332; baseline 0.001 -23"><span class='ocrx_word' id='word_1_287' title='bbox 161 3249 259 3331; x_wconf 80' lang='grc' dir='ltr'>ὀλίγον</span> <span class='ocrx_word' id='word_1_288' title='bbox 279 3251 333 3332; x_wconf 88' lang='grc' dir='ltr'>γάρ</span> <span class='ocrx_word' id='word_1_289' title='bbox 353 3277 381 3310; x_wconf 90' lang='grc' dir='ltr'>τι</span> <span class='ocrx_word' id='word_1_290' title='bbox 402 3253 537 3328; x_wconf 88' lang='grc' dir='ltr'>πρότερον</span> <span class='ocrx_word' id='word_1_291' title='bbox 558 3251 677 3310; x_wconf 88' lang='grc' dir='ltr'>ἐλθόντα</span> <span class='ocrx_word' id='word_1_292' title='bbox 696 3252 742 3308; x_wconf 83' lang='grc' dir='ltr'>καὶ</span> <span class='ocrx_word' id='word_1_293' title='bbox 760 3252 961 3324; x_wconf 87' lang='grc' dir='ltr'>συνευνηθέντα</span> 
     </span>
     <span class='ocr_line' id='line_1_37' title="bbox 161 3337 959 3415; baseline -0.006 -16"><span class='ocrx_word' id='word_1_294' title='bbox 161 3337 258 3399; x_wconf 73' lang='grc' dir='ltr'>δοῦναί</span> <span class='ocrx_word' id='word_1_295' title='bbox 276 3365 325 3415; x_wconf 88' lang='grc' dir='ltr'>μοι</span> <span class='ocrx_word' id='word_1_296' title='bbox 345 3339 410 3402; x_wconf 84' lang='grc' dir='ltr'>τοῦς</span> <span class='ocrx_word' id='word_1_297' title='bbox 430 3339 596 3414; x_wconf 87' lang='grc' dir='ltr'>στεφάνους.</span> <span class='ocrx_word' id='word_1_298' title='bbox 622 3337 706 3412; x_wconf 85' lang='grc' dir='ltr'>ὁρέων</span> <span class='ocrx_word' id='word_1_299' title='bbox 723 3337 752 3394; x_wconf 86' lang='grc' dir='ltr'>δέ</span> <span class='ocrx_word' id='word_1_300' title='bbox 770 3361 805 3410; x_wconf 90' lang='grc' dir='ltr'>με</span> <span class='ocrx_word' id='word_1_301' title='bbox 828 3363 959 3414; x_wconf 81' lang='grc' dir='ltr'>κατομνυ-</span> 
     </span>
    </p>
   </div>
   <div class='ocr_carea' id='block_1_2' title="bbox 0 0 1142 3538">
    <p class='ocr_par' dir='ltr' id='par_1_2' title="bbox 0 0 1142 3538">
     <span class='ocr_line' id='line_1_38' title="bbox 0 0 1142 3538; baseline 0 1"><span class='ocrx_word' id='word_1_302' title='bbox 0 0 1142 3538; x_wconf 95' lang='lat' dir='ltr'> </span> 
     </span>
    </p>
   </div>
  </div>
 </body>
</html>
