2278 3538
190 164 236 210 ιιι
488 161 672 210 Ἥοοιουου
703 146 707 154 ’
909 161 985 224 [v11.

187 239 273 298 αύτοΰ
293 237 517 313 ἀπαλλάξεσθαι,
537 240 613 299 α’λλά
636 241 850 317 καταμείναντες
867 242 988 301 συναπέ·

187 327 280 386 θανον·
302 327 470 408 ἐστρατήγεε
485 329 514 387 δὲ
528 327 617 387 αὐτῶν
631 328 801 404 Δημόφιλος
814 329 987 406 Διαδρόμεω.

139 414 199 473 223
248 417 353 492 Ξέρξης
380 415 410 474 δὲ
437 417 496 474 ἐπεὶ
522 415 605 492 ἡλίου
636 415 832 480 ἀνατείλαντος
863 418 989 482 σπονδάς

187 503 350 579 ἐποιήσατο,
365 503 489 582 ἐπισχῶν
502 501 611 582 χρόνον,
627 509 655 566 ές
671 503 775 585 άγορῆς
793 531 842 563 κου
859 504 989 581 μάλιστα

187 593 339 670 πληθώρην
352 593 494 669 πρόσοδον
508 593 640 652 ἐποιέετο·
659 594 705 651 καὶ
717 593 772 673 γάρ
787 595 945 653 ἐπέσταλτο
960 595 992 665 ἐξ

187 675 342 740 Ἐπιάλτεω
361 679 441 739 οὕτω·
463 679 519 740 άπδ
540 680 595 761 γάρ
611 684 661 739 τοῦ
679 679 773 757 οὔρεος
793 681 811 757 ἦ
831 681 990 758 κατάβασις

188 769 383 844 συντομωτέρη
403 769 435 826 τέ
450 773 519 838 ἐστι,
535 769 580 826 καὶ
593 769 768 847 βραχύτερος
782 769 797 827 ό
811 773 902 848 χῶρος
918 775 990 830 πολ-

188 854 248 924 λόν,
269 853 340 932 ἤπερ
360 855 379 930 ἦ
401 855 528 932 περίοδός
548 882 579 915 τε
600 857 645 915 καὶ
666 856 813 932 ἀνάβασις.
857 857 887 916 οί
905 857 989 932 τεδηι

187 942 333 1019 βάρβαροι
354 947 380 1002 οἱ
399 943 474 1019 ἀμφὶ
493 945 598 1020 Ξέρξεα
616 944 785 1020 προσ-ἤϊσαν,
805 945 851 1002 καὶ
870 947 896 1003 οἶ
913 951 989 1021 αμφὶ

187 1031 326 1106 Λεωνίδην
352 1029 499 1108 Ἕλληνες,
532 1031 567 1094 ὦς
597 1032 648 1107 τὴν
679 1033 724 1091 ἐπὶ
755 1032 863 1111 θανάτῳ
896 1033 990 1102 ἔξοδον

188 1118 352 1196 ποιεύμενοι,
372 1118 425 1196 ἤδη
443 1123 541 1198 πολλῷ
562 1123 676 1196 μᾶλλον
693 1119 711 1196 ἢ
729 1119 788 1179 κατ’
807 1119 895 1199 άρχάς
911 1122 988 1191 ἐπεξ-

188 1206 273 1283 ήϊσαν
300 1213 327 1271 ἐς
346 1207 379 1268 τό
401 1207 544 1285 εὐρύτερον
567 1212 617 1266 τοῦ
641 1206 764 1285 αύχένος·
797 1208 830 1268 τό
855 1210 907 1284 μὲν
932 1209 988 1289 γάρ

189 1296 275 1372 ἔρυμα
293 1301 344 1356 τοῦ
361 1298 467 1375 τείχεος
488 1296 678 1372 ἐφυλάσσετο,
699 1299 725 1354 οἱ
745 1296 774 1354 δέ
791 1295 843 1356 α’νά
859 1296 908 1359 τὰς
921 1323 988 1374 προ-

188 1384 269 1461 τέρας
282 1384 387 1462 ἡμέρας
399 1384 555 1454 ὑπεξιόντες
570 1389 597 1447 ἐς
610 1383 645 1443 τά
659 1385 826 1460 στεινόπορα
840 1383 987 1463 ἐμάχοντο.

188 1471 253 1531 τότε
279 1473 313 1547 δη
341 1474 549 1552 συμμίσγοντες
571 1473 621 1542 ἔξω
647 1475 701 1532 τῶν
729 1476 851 1541 στεινῶν,
873 1474 989 1534 ἔπιπτον

190 1559 293 1634 πλήθεϊ
320 1560 424 1618 πολλοὶ
456 1564 511 1618 τῶν
545 1559 710 1637 βαρβάρων·
752 1559 853 1619 ὄπισθε
879 1560 934 1640 γάρ
961 1563 988 1621 οῖ

189 1645 323 1725 ἡγεμόνες
343 1650 398 1705 τῶν
417 1647 518 1705 τελέων
539 1647 647 1724 ἔχοντες
673 1647 820 1726 μάστιγας,
842 1647 989 1725 ἐρράπιζον

189 1731 279 1792 πάντα
297 1732 383 1810 ἄνδρα
404 1734 457 1792 αἰεὶ
474 1739 501 1795 ἐς
518 1733 550 1792 τό
564 1734 662 1810 πρόσω
676 1735 875 1812 ἐποτρύνοντες.
917 1741 986 1795 πολ-

190 1820 237 1879 λοὶ
254 1822 305 1896 μὲν
323 1820 356 1896 δη
375 1821 526 1880 ἐσέπιπτον
545 1820 634 1881 αὐτῶν
653 1828 680 1885 ἐς
697 1823 748 1898 τήν
765 1822 923 1894 θάλασσαν,
941 1825 988 1883 καὶ

190 1908 389 1986 διεφθείροντο·
424 1913 523 1988 πολλῷ
545 1909 568 1968 δ’
589 1911 628 1969 ἔτι
650 1915 765 1974 πλεῦνες
787 1911 987 1972 κατεπατέοντο

189 1998 253 2068 ζωοὶ
266 1997 312 2058 ὕπ’
327 1997 469 2074 ἀλλήλων·
490 1997 526 2074 ἦν
543 1998 572 2056 δέ
589 1998 674 2079 λόγος
692 1998 780 2062 οὐδεὶς
795 2003 844 2059 τοῦ
863 2000 987 2060 άπολλυ-

188 2087 282 2168 μένου.
325 2086 373 2146 ἅτε
399 2086 454 2167 γάρ
482 2087 661 2164 ἐπιστάμενοι
687 2087 737 2147 τόν
762 2088 906 2165 μέλλοντά
931 2096 988 2165 σφι

190 2176 306 2236 ἔσεσθαι
322 2176 441 2235 θάνατον
461 2180 491 2234 ἐκ
511 2179 566 2234 τῶν
585 2175 745 2252 περιΐόντων
764 2175 797 2235 τό
819 2175 907 2253 οὖρος,
921 2176 986 2236 άπε-

189 2263 326 2323 δείκνυντο
343 2263 436 2340 ῥώμης
450 2262 519 2322 ὅσον
539 2263 615 2342 εἶχον
632 2265 768 2344 μέγιστον
789 2271 817 2326 ές
835 2265 899 2326 τούς
915 2267 987 2343 βαρ-

140 2352 200 2408 224
208 2350 322 2427 βάρους,
339 2350 569 2428 παραχρεώμενοί
582 2377 613 2410 τε
632 2352 678 2409 καὶ
699 2350 829 2415 α’τέοντες.
873 2352 988 2429 Δόρατα

188 2439 240 2512 μέν
269 2463 316 2497 νυν
346 2442 423 2497 τοῖσι
454 2437 603 2497 πλεόνεσιν
633 2439 722 2499 αύτῶν
753 2444 902 2516 τηνικαῦτα
933 2441 988 2518 ἤδη

189 2524 321 2604 ἐτύγχανε
336 2525 539 2606 κατεηγότα,οἱ
558 2527 587 2584 δὲ
606 2531 683 2586 τοῖσι
701 2528 798 2604 ξίφεσι
812 2529 988 2609 διεργάζοντο

188 2612 252 2674 τούς
273 2613 397 2689 Πέρσας·
426 2613 471 2671 καὶ
489 2613 626 2690 Λεωνίδης
647 2641 678 2674 τε
695 2620 724 2674 ἐν
744 2615 831 2695 τούτῳ
852 2621 890 2695 τῷ
911 2616 988 2698 πόνῳ

188 2699 291 2768 πίπτει,
319 2698 388 2775 ἀνὴρ
415 2699 561 2780 γενόμενος
588 2701 709 2779 ἄριστος,
741 2703 786 2762 καὶ
814 2704 901 2780 ἕτεροι
926 2706 988 2780 μετ’

188 2786 272 2846 αὐτοῦ
290 2786 444 2864 ὀνομαστοὶ
464 2790 667 2866 Σπαρτιητέων,
681 2795 735 2850 τῶν
755 2791 808 2872 ἐγιό
828 2791 863 2854 ὦς
880 2790 988 2868 ἀνδρῶν

188 2874 270 2945 ἀξίων
291 2877 443 2957 γενομένων
462 2877 604 2954 ἐπυθόμην
621 2879 657 2938 τοὶ
676 2878 824 2956 ούνόματα·
846 2879 989 2966 ε’πμθόμην

189 2963 219 3022 δὲ
233 2964 278 3023 καὶ
292 2963 485 3024 ἁπάντωντῶν
496 2967 671 3041 τριηκοσίων·
693 2967 738 3024 καὶ
752 2967 785 3042 δή
798 2967 843 3025 καὶ
855 2969 989 3044 Περσέων

188 3053 323 3112 πίπτουσι
345 3053 462 3112 ἐνθαῦτα
479 3050 564 3112 ἄλλοι
581 3079 613 3112 τε
632 3055 738 3114 πολλοὶ
759 3055 804 3113 καὶ
824 3054 987 3132 ὀνομαστοὶ,

189 3144 217 3198 ἐν
231 3140 260 3200 δὲ
274 3138 308 3216 δη
323 3140 369 3199 καὶ
383 3141 503 3217 Δαρείου
519 3139 568 3199 δύο
584 3141 687 3210 παῖδες,
701 3141 881 3218 Ἀβροκόμης
897 3169 928 3202 τε
942 3144 990 3204 καὶ

188 3225 366 3305 Ὑπεράνθης,
382 3232 412 3286 ἐκ
430 3231 480 3302 τῆς
492 3225 629 3302 Ἀρτάνεω
643 3229 779 3309 θυγατρός
791 3230 990 3310 Φραταγούνης

188 3314 332 3390 γεγονότες
346 3316 464 3393 Δαρείῳ·
485 3312 500 3372 ὁ
522 3314 551 3372 δέ
570 3313 706 3391 Ἀρτάνης
726 3317 846 3392 Δαρείου
864 3319 918 3392 μὲν
936 3324 989 3379 τοῦ
