2278 3538
165 160 275 224 ιιι-οι]
468 167 470 172 ·
500 158 653 210 omnm.
919 161 965 209 ιιι

165 244 222 300 τοῖν
252 243 418 321 στρατηγῶν
444 239 494 300 οὐκ
521 241 664 300 ἐπείθοντο
689 239 725 299 τά
752 239 965 321 ἐξαγγελθέντα.

165 328 372 390 Ἀπιστεάντων
385 329 415 388 δέ
426 328 539 398 τούτων,
552 326 603 404 ἧκε
616 328 730 406 τριήρης
742 327 848 405 άνδρῶν
860 331 966 406 Τηνίων
974 334 1012 389 82

166 417 381 495 αὐτομολέουσα
406 421 457 492 τῆς
478 415 548 495 ἦρχε
572 416 641 493 ἀνήρ
663 417 814 480 Παναίτιος
837 417 853 478 ὁ
878 421 965 482 Σωσι-

166 507 270 583 μένεος,
283 505 356 583 ήπερ
374 505 408 581 δή
426 507 508 583 ἐφερε
524 504 576 582 τήν
592 504 730 582 άληθηίην
747 511 853 566 πᾶσαν·
874 506 920 567 διά
937 508 966 567 δὲ

166 598 249 654 τοῖα-ο
261 594 295 654 τὸ
314 595 395 675 ἔργον
413 592 610 675 ἐνεγράφησαν
623 593 720 669 Τήνιοι
738 599 768 654 ἐν
781 599 926 670 Δελφοῖσι
940 601 967 660 ἐς

166 681 216 742 τάν
228 682 348 760 τρίποδα
361 687 391 742 ἐν
403 687 479 744 τοῖσι
491 683 541 742 τὸν
552 681 705 760 βάρβαρον
718 687 879 743 κατελοῦσι.
914 683 967 744 οὖν

167 769 197 828 δέ
210 768 248 831 ὦν
260 770 395 850 ταθτητῇ
414 771 458 846 νηί
476 774 511 849 τῇ
527 770 750 850 αὐτομολησάσῃ
769 776 797 834 ές
810 772 966 849 Σαλαμῖνα,

167 858 213 916 καὶ
225 858 405 938 τῇπρότερον
419 858 461 918 ἐπ’
474 858 654 937 Ἀρτεμίσιον
666 864 702 939 τῇ
716 860 835 940 Λημνίῃ,
851 861 966 938 ἐξεπλη-

167 949 251 1022 ροῦτο
268 946 301 1006 τὰ
319 946 447 1008 ναυτικόν
460 952 538 1007 τοῖσι
552 947 680 1024 Ἕλλησι
697 954 724 1012 ἐς
740 948 790 1012 τάς
810 949 967 1030 ὀγδώκοντα

169 1033 215 1092 καὶ
228 1035 389 1110 τριηκοσίας
402 1039 479 1112 νῆας·
499 1035 548 1096 δύο
563 1036 619 1117 γάρ
637 1037 671 1113 δή
687 1041 758 1113 νηῶν
775 1036 839 1098 τότε
858 1037 967 1097 κατέδεε

169 1126 197 1185 ἐς
209 1120 259 1182 τὸν
272 1120 399 1201 ἀριθμόν.

209 1214 292 1270 Τοῖσι
313 1212 343 1272 δέ
357 1211 485 1290 Ἕλλησι
506 1212 541 1278 οἷς
560 1213 650 1273 πιστά
666 1213 700 1290 δή
720 1213 756 1273 τά
776 1211 913 1294 λεγόμενα
933 1211 1014 1289 ήν83

168 1302 223 1358 τῶν
244 1301 348 1376 Τηνίων
368 1299 488 1378 ῥήματα,
509 1300 748 1380 παρεσκευάζοντο
772 1301 807 1364 ὥς
826 1299 967 1380 ναυμαχή-

170 1413 276 1452 σοντες·
317 1388 372 1465 ἠώς
397 1415 429 1449 τε
454 1390 585 1466 διέφαινε,
614 1389 659 1447 καὶ
690 1388 716 1448 οῖ
742 1388 888 1470 σύλλογον
913 1392 968 1448 τοῖν

171 1478 325 1552 ἐπιβατέων
346 1477 539 1554 ποιησάμενοι,
557 1476 729 1558 προηγόρευε
747 1475 776 1536 εὖ
798 1478 897 1554 ἔχοντα
916 1479 969 1554 μέν

171 1568 200 1622 ἐκ
224 1563 335 1626 πάντων
356 1567 575 1642 Θεμιστοκλέης·
608 1565 644 1626 τά
668 1565 698 1624 δέ
721 1566 789 1624 ἔπεα
811 1563 854 1641 ἦν,
877 1564 968 1625 πάντα

171 1653 282 1729 κρέσσω
314 1658 390 1714 τοῖσι
415 1653 525 1731 ἥσσοσι
557 1654 756 1732 ἀντιτιθέμενα.
798 1652 854 1714 ὅσα
883 1654 913 1714 δέ
940 1658 968 1714 ἐν

171 1739 316 1818 α’νθράπου
330 1742 403 1818 φύσι
416 1745 462 1804 καὶ
477 1743 635 1804 καταστάσι
648 1743 785 1824 ἐγγίνεται
797 1743 969 1820 παραινέσας

170 1829 213 1904 δή,
226 1829 330 1890 τούτων
346 1831 382 1891 τά
401 1832 513 1908 κρέσσω
533 1832 684 1908 αἱρέεσθαι.
727 1833 773 1890 καὶ
794 1832 969 1900 καταπλέξας

170 1917 222 1992 τήν
233 1921 326 1995 ῥῆσιν,
341 1919 483 1995 ἐσβαίνειν
496 1920 605 1977 ἐκέλευε
619 1925 646 1981 ἐς
658 1919 709 1982 τάς
722 1923 798 1995 νῆας.
833 1920 880 1979 καί
893 1916 968 1979 οὗτοι

169 2008 222 2082 μέν
235 2005 268 2082 δή
282 2007 439 2082 ἐσέβαινον,
459 2007 505 2065 καὶ
522 2003 573 2081 ήκε
590 2006 609 2081 ή
628 2005 674 2064 ἀπ’
691 2008 805 2087 Αἰγίνης
820 2006 934 2083 τριήρης
950 2005 969 2082 ή

171 2093 241 2153 κατά
254 2094 319 2157 τοῖς
331 2094 463 2156 Αἰακίδας
476 2093 649 2169 ἀπεδήμησε·
671 2093 789 2153 ἐνθαῦτα
802 2092 907 2174 α’νῆγον
919 2093 969 2156 ταῖς

170 2186 238 2256 νῆας
258 2181 371 2243 άπάσας
391 2183 418 2240 οἶ
432 2180 580 2256 Ἕλληνες.
620 2179 835 2262 Ἀναγομένοισι
859 2180 890 2239 δέ
913 2188 969 2255 σφι
978 2185 1016 2241 84

171 2267 270 2328 αιῖτίκα
297 2268 428 2328 ἐπεκέατο
455 2271 482 2328 οῖ
507 2269 663 2347 βάρβαροι·
691 2271 717 2328 οῖ
743 2271 795 2345 μέν
821 2267 855 2344 δή
882 2267 967 2328 ἄλλοι

166 2354 305 2431 Ἐλληνες
318 2357 363 2414 ἐπὶ
378 2356 505 2434 πρύμνην
518 2356 698 2434 ἀνεκρούοντο
718 2359 764 2415 καὶ
781 2355 904 2417 ὤκελλον
920 2357 970 2422 τάς

171 2448 246 2521 νῆας,
278 2443 417 2522 Ἀμεινίης
444 2445 473 2504 δέ
501 2445 675 2521 Πολληνεῦς,
709 2445 779 2522 α’νήρ
813 2445 968 2522 Ἀθηναῖος,

170 2534 330 2612 ἐξαναχθεὶς
343 2533 387 2610 νηί
401 2533 551 2611 ἐμβάλλει·
573 2535 787 2610 συμπλακείσης
800 2534 830 2594 δέ
842 2540 892 2612 τῆς
905 2537 981 2612 νηὸς
1005 2565 1007 2570 ·

171 2623 216 2681 καὶ
233 2622 265 2682 αὖ
285 2622 440 2700 δυναμένων
460 2621 668 2704 ἀπαλλαγῆναι,
690 2621 761 2682 οὕτω
781 2623 815 2700 δή
837 2627 863 2683 οῖ
883 2622 969 2683 ἄλλοι

169 2707 294 2790 Ἀμεινίῃ
325 2711 493 2787 βοηθέοντες
526 2712 706 2792 συνέμισγον·
746 2710 891 2788 Ἀθηναῖοι
918 2715 969 2791 μέν

171 2795 241 2856 οὕτω
267 2799 384 2880 λέγουσι
404 2803 454 2875 τῆς
473 2801 627 2878 ναυμαχίης
646 2801 780 2881 γενέσθαι
798 2801 850 2876 τήν
870 2801 968 2880 άρχήν,

171 2887 317 2963 Αἰγινῆται
330 2887 359 2945 δέ
372 2887 424 2962 τήν
438 2885 508 2946 κατά
520 2887 585 2950 τούς
595 2888 726 2951 Αἰακίδας
739 2887 968 2964 ἀποδημήσασαν

172 2975 199 3032 ἐς
219 2971 342 3050 Αἴγιναν,
363 2974 465 3050 ταύτην
486 2974 627 3050 εἶναιτὴν
648 2973 783 3051 ἄρξασαν·
808 2976 920 3055 λέγεται
940 2975 970 3034 δέ

171 3058 218 3117 καὶ
230 3059 304 3128 τάδε,
318 3061 353 3124 οἷς
366 3062 471 3139 φάσμα
486 3069 542 3137 σφι
559 3063 688 3144 γυναικὸς
704 3062 804 3138 ἐφάνη·
831 3067 969 3136 φανεῖσαν

171 3147 201 3206 δέ
217 3146 453 3209 διακελεύσασθαι
470 3149 542 3210 ὥστε
561 3153 607 3209 καὶ
627 3150 702 3209 ἅπαν
722 3149 842 3208 οἰκοῦσαι
861 3149 895 3208 τά
915 3153 970 3210 τιῖν

170 3233 315 3310 Ἑλλήνων
333 3235 532 3313 στρατόπεδον,
547 3237 727 3298 ὀνειδίσασαν
743 3236 879 3313 πρότερον
894 3235 969 3296 τάδε·

171 3322 215 3384 “ὦ
225 3322 371 3400 δαιμόνιοι,
379 3324 463 3404 μέχρι
474 3324 560 3384 κόσου
570 3327 609 3384 ἔτι
617 3325 744 3402 πρύμνην
752 3322 939 3400 ἀνακρούεσθε
945 3321 970 3394 ;”
