2276 3538
174 168 223 214 162
492 163 675 212 ἮΡοΔοτοι·
898 151 973 230 [v1'1.

174 269 255 320 τερον
267 243 369 318 ταύτης
386 246 437 319 τῆς
454 242 569 305 ἐλάσιος
583 242 704 321 ὕπαρχοι
718 247 748 302 ἐν
760 247 797 322 τῇ
809 246 916 324 Θρηίκη
930 249 976 307 καὶ
1008 268 1010 271 “

175 337 225 391 τοῦ
233 331 449 406 Ἑλλησπόντου
459 335 599 409 πανταχῆ·
614 328 691 389 οὗτοι
701 329 738 389 ὧν
747 331 856 404 πάντες,
866 334 934 393 οἵτε
945 341 976 394 ἐκ

173 421 293 496 Θρηίκης
303 421 348 478 καὶ
355 425 406 479 τοῦ
415 420 640 495 Ἑλλησπόντου,
649 419 726 494 πλην
732 424 784 479 τοῦ
794 425 823 479 ἐν
834 424 974 504 Δορίσκῳ,

171 508 226 568 ῧτὸ
239 508 383 586 Ἑλλήνων
392 509 510 585 ὕστερον
519 507 620 582 ταύτης
632 513 682 584 τῆς
692 511 903 585 στρατηλασίης
914 512 974 590 ἐξη-

171 599 305 674 ρέθησαν·
325 598 375 658 τόν
389 598 418 657 δέ
435 604 464 657 ἐν
477 599 608 676 Δορίσκῳ
624 596 790 673 Μασκάμην
805 597 924 674 οὐδαμοί
935 627 974 658 κω

172 687 366 763 ἐδυνάσθησαν
376 687 487 757 ἐξελεῖν,
496 689 613 744 πολλῶν
622 687 841 762 πειρησαμένων·
856 687 902 746 διαὶ
910 693 973 748 τοῦ·

170 801 205 835 το
221 777 253 835 δέ
268 779 296 835 οἱ
312 775 349 834 τά
365 775 438 851 δῶρα
454 775 595 851 πέμπεται
609 774 687 850 παρὰ
700 778 751 832 τοῦ
768 775 972 849 βασιλεύοντος

125 863 181 923 107
191 865 243 922 αἶεὶ
257 870 285 923 ἐν
300 864 439 944 Πέρσησι.
475 866 536 922 Τῶν
550 863 580 921 δὲ
593 863 784 938 ἐξαιρεθέντων
796 861 851 921 ὑπό
868 863 970 941 Ἑλλή-

171 977 223 1011 νων
233 951 332 1011 οὖδένα
340 951 479 1027 βασιλεῦς
488 951 595 1028 Ξέρξης
605 950 718 1026 ἐνόμισε
729 951 797 1009 εἶναι
807 950 893 1026 ἄνδρα
902 952 970 1033 α’γα-

171 1040 228 1108 θδν,
244 1045 269 1098 εἰ
284 1039 325 1116 μὴ
339 1039 432 1120 Βόγην
448 1043 560 1116 μοῦνον,
573 1038 624 1097 τόν
639 1040 670 1108 ἐξ
686 1037 807 1101 Ἠϊόνας·
828 1043 927 1100 τοῦτον
940 1041 971 1100 δὲ

170 1130 266 1189 αἰνέων
285 1129 334 1188 οὐκ
355 1128 481 1198 ἐπαύετο,
504 1128 549 1186 καὶ
568 1127 633 1189 τούς
656 1127 815 1204 περιεόντας
835 1127 920 1188 αὐτοῦ
941 1135 972 1190 ἐν

170 1219 303 1297 Πέρσησι
316 1218 417 1280 παῖδας
430 1217 511 1293 ἐτίμα
522 1215 659 1292 μάλιστα·
677 1215 737 1272 ἐπεὶ
750 1217 796 1272 καὶ
806 1214 883 1284 ἄξιος
892 1219 971 1278 αἴνου

169 1307 297 1386 μεγάλου
309 1308 416 1388 ἐγένετο
430 1306 532 1386 Βόγης·
554 1303 586 1366 ὃς
598 1303 691 1378 ἐπειδή
706 1305 900 1380 ἐπολιορκέετο
914 1301 969 1366 ὑπό

168 1393 321 1471 Ἀθηναίων
334 1396 380 1453 καὶ
394 1395 522 1470 Κίμωνος
535 1397 586 1451 τοῦ
598 1391 766 1460 Μιλτιάδεα),
777 1392 883 1469 παρεόν
897 1394 971 1474 αὑτῷ

169 1483 347 1543 ὑπόσπονδον
358 1483 480 1551 ἐξελθεῖν
491 1483 536 1540 καὶ
547 1485 688 1555 νοστῆσαι
698 1485 726 1542 ἐς
734 1480 787 1555 τήν
797 1479 906 1557 Ἀσίην,
919 1483 970 1542 οὐκ

169 1573 295 1648 ἐθέλησε,
313 1571 354 1647 μη
374 1571 464 1648 δειλίη
484 1569 572 1638 δόξειε
591 1573 726 1645 περιεῖναι
745 1570 872 1643 βασιλέι,
891 1569 969 1630 άλλά

169 1660 338 1736 διεκαρτέρεε
356 1663 382 1720 ἐς
399 1658 432 1717 τό
454 1659 586 1736 ἔσχατον·
607 1656 644 1718 οἷς
661 1654 683 1714 δ’
698 1657 777 1716 οὐδὲν
794 1658 834 1716 ἐτι
852 1661 970 1735 φορβῆς

168 1751 231 1822 ἐνῆν
245 1754 274 1806 ἐν
286 1751 325 1826 τῷ
339 1747 433 1824 τείχεϊ,
447 1744 589 1820 συνιησας
604 1744 696 1822 πυράν
710 1745 846 1825 μεγάλην,
861 1747 971 1822 ἔσφαξε

168 1834 204 1893 τά
215 1835 297 1894 τέκνα
311 1836 356 1893 καὶ
369 1834 420 1910 τὴν
432 1838 550 1914 γυναῖκα
560 1835 606 1892 καὶ
619 1833 669 1895 τάς
682 1833 831 1896 παλλακάς
845 1836 890 1892 καὶ
903 1837 970 1900 τούς

167 1923 283 1986 οἰκέτας·
298 1925 344 1982 καὶ
355 1924 448 1981 ἔπειτα
458 1924 583 1998 ἐσέβαλε
593 1927 620 1984 ἐς
629 1921 662 1980 τό
673 1925 712 1981 πῖ
711 1947 738 1998 ρ·
751 1921 822 1998 μετά
833 1922 968 1994 δὲταῦτα,

166 2010 216 2071 τόν
224 2012 333 2092 χρυσόν
343 2011 451 2071 ἅπαντα
460 2011 509 2071 τόν
520 2016 551 2069 ἐκ
560 2014 611 2070 τοῦ
620 2009 720 2071 άστεος
731 2011 776 2067 καὶ
786 2010 835 2069 τόν
845 2009 969 2092 ἄργυρον

167 2100 277 2178 ἔσπειρε
295 2100 351 2161 αἷπό
368 2104 418 2160 τοῦ
434 2101 540 2179 τείχεος
559 2105 586 2161 ἐς
603 2099 653 2158 τόν
674 2098 828 2175 Στρυμόνα,
844 2101 969 2174 ποιήσας

167 2189 197 2247 δέ
219 2194 315 2260 ταῦτα,
337 2189 436 2249 ἐωυτὸν
457 2189 581 2264 ἐπέβαλε
605 2192 632 2250 ἐς
655 2186 688 2245 τό
715 2213 779 2262 πυρ.
822 2186 893 2245 οὕτω
914 2192 968 2264 μὲν

166 2276 246 2342 οὗτος
259 2279 367 2342 δικαίως
380 2278 499 2337 αἰνέεται
511 2278 550 2336 ἐτι
564 2276 609 2334 καὶ
623 2281 652 2338 ἐς
663 2273 727 2333 τόδε
740 2275 794 2334 find
809 2277 952 2352 Περσέων.

121 2369 179 2425 108
207 2368 312 2443 Ξέρξης
335 2367 365 2425 δέ
388 2372 418 2425 ἐκ
440 2369 490 2425 τοῦ
515 2365 659 2441 Δορίσκου
679 2362 825 2438 ἐπορεύετο
848 2366 893 2422 ἐπὶ
914 2365 968 2440 τὴν

166 2453 301 2512 Ἑλλάδα·
323 2454 387 2516 τούς
405 2455 435 2512 δὲ
454 2455 506 2510 αἰεὶ
523 2453 686 2532 γινομένους
700 2451 827 2526 ἐμποδῶν
843 2479 968 2530 συστρα-

166 2541 296 2600 τεύεσθαι
305 2541 451 2622 ἠνάγκαζε·
467 2540 633 2598 ἐδεδούλωτο
646 2539 710 2620 γάρ,
722 2538 759 2601 ὦς
771 2540 816 2596 καὶ
830 2540 968 2617 πρότερόν

166 2655 215 2706 μοι
236 2629 396 2704 δεδήλωται,
415 2628 434 2703 ἦ
458 2629 542 2706 μέχρι
562 2628 725 2701 Θεσσαλίης
749 2631 836 2694 πᾶσα,
862 2628 907 2683 καὶ
931 2627 967 2702 ἦν

166 2716 220 2776 ὑπό
247 2717 374 2792 βασιλέα
404 2716 597 2792 δασμοφόρος,
624 2713 801 2794 Μεγαβάζου
826 2740 857 2772 τε
884 2740 966 2773 κατα·

167 2807 362 2884 στρεψαμένου
375 2805 420 2864 καὶ
437 2805 557 2882 ὕστερον
569 2803 737 2880 Μαοδονίου.
772 2803 967 2880 παραμείβετο

168 2895 197 2953 δὲ
216 2894 402 2972 πορευόμενος
421 2899 451 2952 ἐκ
469 2894 618 2970 Δορίσκου,
635 2895 732 2969 πρῶτα
747 2894 800 2968 μὲν
816 2890 852 2950 τά
875 2893 968 2969 Σαμο-

167 2984 277 3061 θρηΐκια
285 2985 387 3062 τείχεα,
397 2985 453 3042 τῶν
465 2981 571 3060 ἐσχάτη
580 2981 751 3039 πεπόλισται
761 2979 833 3058 πρός
845 2981 968 3057 ἕσπέρην

165 3073 249 3135 πόλις
262 3077 296 3150 τῇ
311 3071 416 3149 οὔνομά
430 3077 491 3129 ἐστι
508 3073 694 3146 Μεσαμβρίη·
716 3072 808 3148 ἔχεται
822 3070 851 3128 δέ
866 3070 968 3144 ταύτης

166 3164 278 3220 Θασίων
301 3161 392 3234 πόλις,
416 3159 539 3235 Στρύμη·
567 3159 611 3216 διὰ
634 3159 665 3216 δέ
688 3165 784 3233 σφεων
802 3162 853 3218 τοῦ
876 3159 968 3234 μέσου

166 3250 277 3312 Λίσσος
296 3249 423 3326 ποταμός
443 3248 570 3324 διαρρέει·
592 3245 622 3309 θς
642 3247 706 3306 τότε
727 3247 775 3305 οὐκ
794 3247 914 3323 ἀντέσχε
933 3244 967 3303 τό

165 3333 237 3412 ὕδωρ
253 3339 382 3416 παρέχων
397 3340 436 3416 τῷ
451 3335 559 3413 Ξέρξεω
575 3339 693 3413 στρατῷ,
709 3334 774 3393 ἀλλ’
789 3335 912 3393 ἐπέλιπε·
947 3330 967 3402 ἡ
