2278 3538
127 1479 165 1570 ιο

129 2743 165 2804 81

168 115 215 162 τεο
467 112 651 162 Ἧκοοοιοτ
875 113 971 180 [vm.

172 189 252 254 οὗτος
265 188 337 266 ῶνήρ
351 188 422 254 στάς
440 190 486 250 ἐπὶ
498 189 532 251 τό
548 191 699 268 συνέδρων,
713 191 873 262 ἐξεκαλέετο
889 199 972 270 Θεμι·

172 283 301 356 στοκλῆα
322 278 403 339 ἐόντα
420 280 472 355 μὲν
490 283 579 358 ἑωυτῷ
599 279 631 339 οὔ
653 281 740 356 φίλον
762 280 864 359 ἐχθρόν
885 281 914 339 δέ
937 282 974 341 τά

172 367 308 444 μάλιστα·
343 366 397 426 ίπδ
418 367 448 425 δέ
467 367 603 448 μεγάθεος
627 371 681 428 τῶν
704 368 869 446 παρεόντων,
882 375 974 430 κακῶν

172 454 264 531 λήθην
284 455 392 516 ἐκείνων
411 454 573 530 ποιεύμενος
600 455 769 526 ἐξεκαλέετο,
791 457 880 516 θέλων
900 455 974 536 αι’πῷ

173 545 319 622 συμμίξαι·
340 541 496 620 προακήκοε
509 542 539 600 δὲ
553 541 596 602 ὅτι
609 541 756 603 σπεύδοιεν
770 547 797 602 οἱ
810 543 866 604 οἶπὸ
881 548 973 604 Πελο·

173 630 441 710 ποννήσουάνάγειν
453 629 503 694 τάς
516 633 584 702 νῆας
599 629 669 707 πρός
684 629 735 690 τόν
747 629 872 707 Ἰσθμόν·
894 631 930 694 ῶς
943 633 974 692 δὲ

173 719 276 796 ἐξῆλθέ
302 723 328 779 οἱ
355 718 571 794 Θεμιστοκλέης,
597 719 675 800 ἔλεγε
697 717 871 795 Ἀριστείδης
896 719 972 779 τάδε·

174 817 192 842 “
199 807 286 884 ἡμέας
300 807 463 876 στασιάζειν
475 806 559 885 χρεόν
576 812 638 867 ἐστι
656 807 684 866 ἐν
701 833 732 866 τε
744 811 782 885 τῷ
795 805 875 886 άλλη
889 813 974 888 καιρῷ

174 895 219 954 καὶ
234 895 327 971 δήκαὶ
348 899 377 954 ἐν
394 894 469 972 τῷδε,
488 895 552 971 περὶ
569 899 619 954 τοῦ
640 893 769 970 ὁκότερος
785 894 877 972 ἡμέων
894 897 973 956 πλέω

173 980 265 1062 ἀγαθά
278 982 331 1060 τήν
342 983 464 1060 πατρίδα
479 982 636 1063 ἐργάσεται·
655 986 729 1064 λέγω
743 982 774 1042 δέ
785 1009 836 1057 τοι,
852 983 896 1044 ὅτι
908 983 974 1045 ἶσόν

173 1074 234 1130 ἐστι
248 1070 344 1131 πολλά
357 1097 388 1132 τε
407 1071 453 1129 καὶ
472 1069 557 1152 ὀλίγα
574 1070 668 1151 λέγειν
681 1070 745 1146 περὶ
762 1069 910 1132 ἀποπλόου
923 1077 974 1132 τοῦ

174 1160 297 1220 ἐνθεῦτεν
314 1160 582 1235 Πελοποννησίοισι·
617 1158 670 1239 ἐγῶ
694 1159 749 1239 γάρ
770 1158 909 1236 αὐτόπτης
929 1186 974 1220 τοι

173 1247 248 1328 λέγω
265 1248 420 1328 γενόμενος,
436 1246 479 1306 ότι
498 1251 555 1318 νῦν,
575 1245 631 1307 οὔδ’
644 1245 679 1324 ἦν
698 1247 811 1316 θέλωσι,
829 1249 977 1324 Κορίνθιοί

173 1361 204 1395 τε
218 1337 264 1394 καὶ
277 1335 359 1400 αὐτός
372 1334 548 1412 Εὐρυβιάδης
569 1335 625 1395 οἶοί
640 1361 671 1395 τε
688 1337 799 1394 ἔσονται
818 1339 973 1398 ἐκπλῶσαι·

173 1424 359 1502 περιεχόμεθα
385 1423 439 1505 γάρ
466 1422 520 1482 ὖπδ
540 1426 595 1484 τῶν
614 1423 757 1500 πολεμίων
777 1421 877 1507 κύκλῳ·
907 1422 973 1482 ἀλλ’

174 1512 298 1577 ,ἐσελθών
327 1519 382 1588 σφι
414 1516 501 1570 ταῦτα
534 1511 687 1591 σήμηνον.”
727 1511 760 1571 Ὁ
789 1511 812 1570 δ’
838 1511 974 1588 άμείβετο

174 1599 278 1658 τοῖσδε·
322 1611 338 1634 “
347 1599 434 1676 κάρτα
465 1625 495 1658 τε
525 1599 638 1678 χρηστά
669 1597 839 1662 διακελεύεαι
865 1601 912 1658 καὶ
944 1600 974 1660 εὖ

173 1685 316 1767 ἤγγειλας·
358 1686 393 1746 τά
418 1687 473 1767 γάρ
501 1687 554 1768 ἐγῶ
582 1686 697 1764 ἐδεόμην
723 1687 862 1769 γενέσθαι,
891 1687 975 1752 αθτὸς

175 1774 313 1852 αὐτόπτης
339 1773 487 1857 γενόμενος
513 1774 596 1851 ἥκεις·
631 1777 693 1836 ἴσθι
715 1775 771 1857 γάρ
796 1777 827 1846 ἐξ
850 1777 914 1852 ἐμέο
937 1777 974 1836 τά

174 1862 323 1940 ποιεύμενα
343 1861 398 1923 ὑπό
420 1863 534 1946 Μήδων·
569 1864 626 1923 ἐδεε
645 1863 708 1945 γάρ,
730 1863 777 1923 ὅτε
798 1863 847 1923 οὐκ
868 1863 975 1928 ἑκόντες

175 1951 272 2012 ἔθελον
286 1957 313 2015 ἐς
325 1949 420 2032 μάχην
438 1952 625 2012 κατίστασθαι
644 1955 670 2012 οἶ
680 1952 828 2028 Ἕλληνες,
843 1952 975 2016 ἀέκοντας

175 2039 425 2117 παραστήσασθαι·
444 2040 481 2102 σθ
495 2041 532 2111 δέ,
545 2042 656 2118 ἐπείπερ
670 2039 745 2116 ἥκεις
757 2038 870 2120 χρηστά
885 2040 975 2121 άπαγ-

175 2129 293 2209 γέλλων,
317 2128 399 2193 αὐτός
423 2136 479 2204 σφι
504 2128 647 2210 ἄγγειλον·
681 2127 715 2205 ἢν
741 2128 796 2208 γάρ
824 2128 877 2210 ἐγῶ
904 2127 975 2188 αὐτά

175 2217 257 2297 λέγω,
285 2217 355 2287 δόξω
378 2217 492 2280 πλάσας
515 2218 608 2298 λέγειν
635 2218 680 2276 καὶ
707 2216 739 2276 οὗ
762 2217 858 2291 πείσω,
883 2217 919 2279 ῶς
942 2216 975 2276 ου’

175 2305 324 2366 ποιεόντων
337 2311 392 2366 τῶν
404 2303 561 2383 βαρβάρων
574 2308 671 2365 ταῦτα·
688 2304 765 2364 α’λλά
778 2312 834 2380 σφι
848 2305 975 2384 σήμηνον

176 2391 259 2455 αὐτός
285 2393 432 2470 παρελθῶν
459 2392 494 2455 ῶς
518 2393 581 2471 ἔχει
625 2391 707 2452 ἐπεάν
730 2393 760 2452 δέ
784 2391 919 2471 σημήνῃς,
941 2391 976 2469 ἢν

535 2479 641 2501 &Nl

175 2483 228 2557 μὲν
241 2481 397 2549 πείθωνται,
408 2483 495 2538 ταῦτα
509 2481 543 2554 δη
557 2507 593 2540 τα
606 2485 757 2540 καλλιστα·
773 2478 808 2556 ἢν
821 2481 851 2539 δὲ
864 2479 976 2540 αὐτοῖσι

126 2592 128 2628 3
174 2567 215 2644 μή
236 2567 325 2626 πιστά
344 2567 465 2648 γένηται,
487 2567 584 2644 ὁμοῖον
603 2568 671 2646 ήμῖν
692 2570 780 2628 ἐσται·
808 2568 840 2628 οὐ
859 2567 914 2649 γάρ
936 2569 977 2628 ἔτι

176 2654 373 2731 διαδρήσονται
392 2655 468 2732 ε’ίπερ
486 2656 672 2736 περιεχόμεθα
688 2657 870 2735 πανταχόθεν,
886 2655 921 2719 ῶς
937 2655 975 2715 σθ

696 2744 703 2764 ι
755 2743 762 2763 ε
792 2743 799 2763 ι

176 2741 293 2822 λέγεις.”
334 2747 427 2802 Ταῦτα
461 2746 540 2824 ἔλεγε
573 2745 721 2822 παρελθων
747 2772 762 2804 ο
801 2743 975 2821 Αριστείδης,

178 2829 302 2907 φάμενος
323 2831 354 2899 ἐξ
373 2832 487 2911 Αἰγίνης
506 2858 537 2892 τε
557 2831 641 2908 ήκειν,
663 2833 709 2890 καὶ
728 2831 811 2912 μόγις
831 2835 977 2891 ἐκπλῶσαι

130 2977 134 2984 ,
177 2918 272 2978 λαθῶν
292 2917 357 2980 τοθς
378 2921 571 2995 ἐπορμέοντας·
598 2920 779 2998 περιέχεσθαι
798 2919 854 3000 γάρ
870 2923 927 2979 πᾶν
943 2919 977 2980 τό

177 3005 369 3084 στρατόπεδον
402 3005 435 3066 τό
468 3005 637 3082 Ἑλληνικόν
665 3007 720 3067 find
746 3011 802 3068 τῶν
828 3011 896 3086 νεῶν
921 3011 977 3066 τῶν

178 3095 294 3170 Ξέρξεω·
316 3095 525 3172 παραρτέεσθαί
539 3119 570 3152 τε
588 3093 776 3171 συνεβούλευε
789 3094 825 3158 ῶς
840 3094 976 3170 σ’λεξησο-

176 3181 286 3258 μένους.
328 3183 373 3240 καὶ
395 3181 411 3239 o'
432 3184 492 3257 μὲν,
513 3185 600 3239 ταῦτα
620 3182 705 3251 εἴπας,
724 3181 900 3258 μετεστήκεε·
921 3185 978 3241 τῶν

172 3266 209 3334 δὲ
222 3267 298 3330 αὖτις
311 3270 415 3348 ἐγίνετο
428 3266 520 3347 λόγων
533 3265 731 3344 ἀμφισβασίη·
753 3271 779 3328 οἱ
792 3269 846 3348 γάρ
859 3272 978 3332 πλεῦνες
