2278 3538
161 147 271 214 75-79]
492 149 645 212 ΟΤᾙΔΝΙᾹ.
918 152 965 198 249

162 228 348 306 Κυνόσουραν
354 227 526 308 τεταγμένοι,
537 227 666 307 κατεῖχόν
674 253 706 287 τε
713 227 797 306 μέχρι
806 229 968 306 Μουνυχίης

162 316 255 376 πάντα
274 315 324 376 τόν
343 313 472 393 πορθμδν
492 318 560 395 τῇσι
580 316 672 391 νηυσί·
711 316 796 375 τῶνδε
816 317 846 374 δέ
867 317 967 377 εἵνεκεν

162 404 267 484 ἀνῆγον
278 404 329 468 τὰς
342 407 417 479 νῆας,
433 404 477 463 ἴνα
490 403 525 480 δη
538 408 615 464 τοῖσι
628 403 756 479 Ἕλλησι
768 405 839 480 μηδὲ
853 405 966 485 φυγέειν

163 492 220 570 iffi,
246 490 311 551 ἀλλ’
339 490 574 568 ἀπολαμφθέντες
601 498 630 552 ἐν
656 495 692 571 τῇ
716 493 864 568 Σαλαμῖνι,
893 493 967 552 δοῖεν

162 580 238 639 τίσιν
256 583 312 640 τοῖν
332 578 374 638 ἐπ’
395 578 563 660 Ἀρτεμισίῳ
584 578 793 661 ἀγωνισμάτων·
819 585 846 642 ἐς
866 581 895 639 δὲ
914 579 966 655 την

163 667 265 742 νησίδα
277 667 330 744 την
342 666 517 727 Ψυττάλειαν
537 669 707 745 καλεομένην
721 666 899 744 ἀπεβίβαζον
911 672 968 728 τῶν

165 755 307 832 Περσέων,
320 755 405 816 τῶνδε
419 756 528 825 εἵνεκεν,
543 756 578 819 οἷς
593 756 675 816 ἐτεάν
690 757 803 836 γένηται
817 756 966 833 ναυμαχίη,

165 843 283 902 ἐνθαῦτα
308 843 437 920 μάλιστα
464 844 647 920 ἐξοισομένων
666 848 721 904 τῶν
740 867 771 903 τε
795 843 900 920 ἀνδροῖν
920 843 967 902 καὶ

163 935 218 990 τῶν
234 931 379 1013 ναυηγίων,
397 932 440 1010 (ἐν
457 931 511 1012 γάρ
531 931 564 1008 δη
581 932 658 1012 πόρῳ
673 937 725 1008 τῆς
745 933 898 1011 ναυμαχίης
916 935 968 1008 τῆς

164 1018 327 1095 μελλούσης
347 1019 464 1079 ἔσεσθαι
486 1021 572 1079 ἔκειτο
593 1020 611 1096 ἠ
632 1022 739 1099 νῆσος)
765 1021 808 1080 ἵνα
827 1019 892 1082 τοῖς
913 1023 967 1095 μὲν

164 1111 338 1182 περιποιῶσι,
361 1107 426 1170 τούς
446 1108 476 1166 δέ
496 1108 688 1185 διαφθείρωσι·
718 1109 826 1167 ἐποίευν
846 1108 876 1166 δέ
896 1111 966 1188 σιγῇ

164 1197 261 1264 ταῦτα,
283 1193 319 1259 οῖς
335 1194 375 1272 μή
396 1195 580 1256 πυνθανοίατο
602 1199 628 1256 οἱ
647 1197 770 1256 ἐναντίοι
815 1198 841 1253 οἱ
863 1195 964 1271 μὲνδὴ

164 1285 253 1342 ταῦτα
279 1286 330 1360 τῆς
358 1282 463 1354 νυκτδς,
490 1282 570 1344 οὐδὲν
597 1283 838 1360 ἀποκοιμηθέντες,
860 1308 966 1360 παραρ-

165 1395 271 1431 τεοντο.

206 1464 372 1537 Χρησμοῖσι
400 1460 429 1520 δέ
455 1459 505 1520 οὐκ
532 1459 586 1538 ἔχω
606 1458 761 1540 ἀντιλέγειν
782 1459 817 1522 οἷς
840 1458 889 1518 οὔκ
911 1459 1012 1523 είσὶίῖ

166 1544 291 1622 ἀληθέες,
301 1546 333 1606 οὔ
341 1547 517 1625 βουλόμενος
527 1547 660 1627 ἐναργέως
671 1549 805 1628 λέγοντας
815 1547 967 1625 πειρᾶσθαι

167 1635 366 1709 καταβάλλειν,
383 1641 410 1698 ἐς
422 1636 515 1695 τοιάδε
528 1634 680 1716 πρήγματα
695 1637 851 1714 ἐσβλέψας·

223 1717 299 1793 ’Ἀλλ’
315 1747 375 1794 ὅταν
386 1747 526 1808 ’Δρτέμιδος
543 1747 678 1807 χρυσαόρου
696 1747 757 1808 ίερόν
773 1747 849 1807 ἀκτην

232 1820 299 1875 νηυσί
316 1820 483 1880 γεφυρώσωσι,
504 1820 544 1865 καί
561 1819 665 1876 εἰναλίην
683 1820 843 1881 Κυνόσουραν,

232 1889 310 1936 ἐλπίδι
326 1892 454 1950 μαινομένη
471 1891 574 1950 λιπαρὰς
592 1891 723 1949 πέρσαντες
741 1890 848 1950 Ἀθήνας,

233 1961 271 2008 δῖα
288 1962 348 2020 Δίκη
366 1963 466 2024 σβέσσει
483 1963 597 2023 κρατερόν
614 1963 699 2023 Κόρον,
714 1963 809 2025 Ὕβριος
827 1965 881 2022 νίόν,

232 2035 306 2081 δεινὸν
321 2036 466 2092 μαιμώοντα,
488 2033 591 2081 δοκεῦντ’
608 2034 653 2081 όνὰ
670 2035 750 2081 πάντα
766 2036 884 2082 τίθεσθαι.

232 2107 323 2164 χαλκὸς
339 2107 388 2167 γδρ
405 2105 492 2166 χαλκῷ
508 2107 656 2164 συμμίξεται,
679 2107 762 2163 αἵματι
779 2106 798 2154 δ’
813 2106 885 2166 Ἄρης

232 2177 318 2224 πόντον
336 2179 440 2238 φοινίξει.
476 2177 526 2225 τότ’
544 2179 668 2238 ἐλεύθερον
681 2179 799 2226 Ἑλλάδος
816 2176 882 2239 ἦμαρ

233 2250 337 2309 εὐρύοπα
353 2251 469 2311 Κρονίδης
486 2251 581 2310 ἐπάγει,
603 2251 642 2296 καί
661 2250 747 2296 πότνια
764 2250 835 2307 Νίκη.

168 2343 195 2400 ἐς
212 2344 326 2400 τοιαῦτα
343 2344 394 2417 μὲν
415 2343 460 2400 καὶ
481 2340 553 2401 οὕτω
573 2341 706 2420 ἐναργέως
727 2342 839 2421 λέγοντι
859 2341 967 2417 Βάκιδι,

168 2426 326 2508 ἀντιλογίης
338 2433 474 2508 χρησμῶν
486 2431 550 2506 πέρι
566 2426 629 2488 οὔτε
646 2427 728 2491 αὐτὰς
746 2429 839 2509 λέγειν
857 2431 969 2507 τολμέω

168 2512 230 2573 οὔτε
243 2515 309 2593 παρ’
322 2516 417 2577 ἀλλων
431 2519 581 2594 ἐνδέκομαι,

207 2605 267 2662 Τῶν
281 2603 311 2662 δέ
324 2609 353 2664 ἐν
372 2606 512 2683 Σαλαμῖνι
532 2609 698 2686 στρατηγεῖν
717 2605 824 2686 ἐγίνετο
842 2605 965 2684 ἀθισμός
976 2609 1016 2668 78

166 2689 260 2770 λόγων
272 2692 390 2755 πολλός·
418 2692 521 2771 ᾔδεσαν
538 2694 567 2752 δὲ
586 2691 664 2762 οὔκω,
679 2691 722 2752 ὅτι
736 2694 829 2768 σφέας
845 2719 967 2770 περιεκυ-

168 2776 283 2837 κλέοντο
299 2784 368 2858 τῇσι
386 2783 468 2858 νηυσὶ
487 2785 514 2841 οἱ
530 2781 687 2859 βάρβαροι·
715 2779 789 2850 ἀλλ’,
807 2780 901 2859 ὥσπερ
917 2788 969 2857 τῆς

167 2863 271 2941 ἡμέρης
306 2867 381 2946 ὥρων
408 2869 507 2933 αὐτοῖς
534 2871 725 2949 τεταγμένους,
759 2869 868 2928 ἐδόκεον
898 2871 969 2928 κατοὶ

166 2950 260 3030 χώρην
279 2955 357 3016 εἶναι.
399 2957 612 3034 Συνεστηκότων
632 2957 662 3015 δὲ
679 2961 733 3016 τῶν
750 2962 922 3035 στρατηγῶν,
938 2959 1015 3026 ἐξίθ

167 3043 281 3121 Αἰγίνης
299 3044 381 3121 διέβη
393 3043 568 3122 Ἀριστείδης
581 3043 597 3103 ὁ
610 3045 788 3122 Λυσιμάχου,
802 3043 872 3118 ἀνὴρ
885 3043 967 3119 Ἀθη-

167 3131 243 3192 ναῖος
262 3133 323 3207 μέν,
343 3133 599 3210 ἐξωστρακισμένος
618 3132 647 3189 δὲ
665 3131 719 3190 {md
736 3137 785 3190 τοῦ
800 3132 897 3208 δήμου·
918 3132 968 3191 τόν

167 3215 222 3292 ἐγιδ
251 3218 389 3294 νενόμικα,
417 3219 620 3294 πυνθανόμενος
654 3218 738 3276 αὐτοῦ
771 3218 821 3277 τόν
854 3217 966 3294 τρόπον,

167 3298 284 3378 ἄριστον
297 3303 384 3381 ἀνδρα
396 3307 527 3386 γενέσθαι
541 3311 569 3363 ἐν
581 3305 718 3383 Ἀθήνησι
729 3307 774 3363 καὶ
785 3305 967 3367 δικαιότατον·
