2262 3534
150 156 258 220 20-25]
444 150 629 200 ΚΑΛΛΙΟΠΗ.
904 155 950 202 291

150 261 181 294 τε
194 236 228 312 δή
243 237 328 295 ἵππον
342 235 425 292 αὐτοῦ
437 229 621 307 λαμβάνουσι
631 232 678 291 καὶ
687 231 772 294 αὐτόν
781 224 953 310 ἀμυνόμενον

152 325 298 394 κτείνουσι,
314 321 371 381 κατ’
386 318 474 397 ἀρχάς
488 316 520 376 ού
531 317 686 394 δυνάμενοι·
704 319 888 381 ἐνεσκεύαστο
897 321 953 402 γάρ

152 409 231 470 οὕτω·
254 410 330 474 ἐντός
346 408 458 485 θώρηκα
477 406 535 484 εἶχε
553 407 674 484 χρύσεον
688 409 852 470 λεπιδώτον·
874 407 953 468 κατύ-

152 500 238 576 περθε
258 499 288 558 δέ
307 501 357 559 τοῦ
379 495 503 572 θώρηκος
521 495 623 554 κιθῶνα
644 499 784 571 φοινίκεον
807 496 953 557 ἐνδεδύκεε·

152 586 301 651 τύπτοντες
319 587 349 646 δὲ
365 591 393 649 ἐς
408 584 458 644 τόν
474 582 593 660 θώρηκα,
609 585 717 643 ἐποίευν
733 584 821 645 οὐδέν·
842 587 908 663 πρίν
920 609 954 665 γε

153 673 187 749 δή
199 675 298 751 μαθών
310 701 352 737 τις
364 672 398 733 τό
411 670 583 747 ποιεύμενον,
594 672 669 730 παίει
681 697 731 748 μιν
745 677 772 736 ἐς
785 674 835 734 τόν
845 673 954 750 ὀφθαλ-

152 761 216 838 μόν·
238 761 309 822 οὕτω
326 760 360 838 δή
379 759 463 820 ἔπεσέ
477 783 508 818 τε
522 759 569 817 καὶ
583 757 639 818 άπέ
656 785 712 818 ανε.
753 765 841 822 ταῦτα
855 762 887 822 δέ
903 787 955 824 κως

152 848 285 928 γινόμενα
314 848 446 924 ἐλελήθεε
466 846 531 909 τούς
551 846 656 910 ἄλλους
679 849 787 912 ἱππέας·
817 849 880 910 οὔτε
899 850 954 930 γάρ

153 937 278 998 πεσόντα
288 963 337 1014 μιν
348 936 420 995 εἶδον
433 933 490 994 άπό
500 938 550 994 τοῦ
562 935 648 993 ἵππον
659 935 721 994 οὔτε
732 936 954 1014 ἀποθνήσκοντα·

154 1022 348 1103 ἀναχωρήσιός
359 1050 391 1084 τε
403 1023 550 1104 γινομένης
563 1024 609 1080 καὶ
626 1023 810 1101 ὑποστροφῆς
828 1026 878 1086 ούκ
892 1028 956 1102 ἐμα-

155 1111 205 1170 θον
226 1112 259 1171 τό
282 1113 440 1193 γενόμενον,
458 1111 563 1169 ἐπείτε
582 1110 611 1168 δὲ
630 1113 762 1186 ἔστησαν,
780 1113 878 1173 αὐτίκα
893 1113 955 1174 ε’πό·

156 1199 251 1268 θεσαν,
270 1199 305 1263 ὥς
322 1207 414 1274 σφεας
431 1198 518 1261 οὐδεὶς
536 1197 604 1274 ἧνά
624 1199 747 1260 τάσσων·
772 1201 908 1277 μαθόντες
926 1203 956 1261 δὲ

154 1286 187 1346 τά
207 1288 330 1368 γεγονός,
353 1286 598 1363 διακελευσάμενοι
621 1286 743 1362 ήλαυνον
766 1289 831 1353 τούς
857 1291 957 1353 ἵππους

157 1373 264 1443 πάντες,
279 1374 315 1438 οἷς
327 1373 361 1433 ἂν
374 1374 469 1454 τόνγε
483 1373 579 1451 νεκρόν
596 1373 752 1436 άνελοίατο.
794 1377 911 1440 Ἰδόντες
927 1378 1004 1438 δέ23

156 1465 184 1520 οἱ
196 1461 339 1538 Ἀθηναῖοι
352 1462 442 1522 οὐκέτι
457 1461 527 1520 κατά
540 1463 624 1520 τέλεα
637 1465 881 1540 προσελαύνοντας
893 1465 957 1529 τούς

157 1551 263 1623 ἱππέας,
279 1549 345 1609 ἀλλ’
360 1549 419 1626 ἅμα
438 1550 551 1620 πάντας,
565 1549 617 1627 τήν
633 1550 726 1628 ἄλλην
743 1553 878 1630 στρατιήν
897 1559 956 1612 ε’πε-

155 1639 300 1714 βώσαντα·
329 1645 357 1698 έν
378 1636 399 1717 ᾧ
420 1639 449 1698 δέ
466 1639 481 1699 ὁ
497 1639 580 1710 πεζάς
599 1639 672 1704 ἅπας
692 1641 805 1717 ε’βώθεε,
822 1647 851 1702 ἐν
868 1642 956 1722 τούτῳ

155 1726 233 1805 μάχη
250 1727 326 1797 ὀξεῖα
342 1728 473 1802 περὶτοῦ
496 1731 594 1804 νεκροῦ
615 1729 729 1808 γίνεται.
773 1729 820 1793 ἕως
838 1731 889 1808 μέν
909 1756 957 1791 νυν

155 1820 253 1891 μοῦνοι
271 1815 346 1890 ἦσαν
361 1819 387 1874 οἱ
400 1813 565 1892 τριηκόσιοι,
581 1817 718 1876 ἑσσοῦντό
733 1843 764 1878 τε
779 1817 890 1877 πολλόν
910 1818 957 1877 καὶ

155 1901 206 1970 τόν
219 1903 315 1981 νεκράν
325 1902 488 1963 α’πέλειπον·
507 1903 542 1966 αἷς
555 1903 585 1961 δέ
599 1911 655 1979 σφι
667 1904 700 1963 τά
714 1906 823 1980 πλῆθος
837 1906 956 1982 ἐπεβοή-

157 1991 256 2067 θησαν,
271 1991 341 2051 οὕτω
351 1992 385 2066 δή
397 1990 488 2050 οὐκέτι
500 1993 527 2049 οἱ
542 1989 656 2049 ἱππόται
666 1991 810 2067 ὑπέμενον,
826 1991 889 2051 ούδέ
901 1999 957 2069 σφι

157 2080 296 2159 ἐξεγένετο
314 2078 364 2138 τόν
382 2079 479 2154 νεκράν
495 2077 656 2137 άνελέσθαι·
680 2078 758 2138 άλλά
775 2079 846 2157 πρός
866 2081 958 2160 ἐκείνῳ

157 2165 264 2229 ἄλλους
281 2165 506 2243 προσαπόλεσαν
522 2169 578 2224 τῶν
592 2166 704 2225 ἱππέων.
746 2167 958 2242 ἀποστήσαντες

157 2252 195 2312 ὧν
211 2253 281 2314 ὅσον
298 2279 329 2313 τε
348 2253 397 2312 δύο
415 2252 524 2326 στάδια,
540 2253 724 2328 ἐβουλεύοντο
740 2253 756 2313 ὅ
774 2281 802 2313 τι
819 2255 902 2332 χρεόν
915 2256 957 2332 εἴη

157 2344 274 2411 ποιέειν;
296 2341 387 2402 ἐδόκεε
400 2343 432 2402 δέ
444 2349 508 2418 σφι,
523 2341 656 2420 ἀναρχίης
670 2343 778 2418 ἐούσης,
792 2342 958 2404 ἀπελαύνειν

157 2431 234 2507 παρὰ
250 2429 416 2507 Μαρδόνιον.
458 2429 642 2505 Ἀπικομένης
659 2430 688 2488 δὲ
705 2435 756 2504 τῆς
776 2431 861 2489 ἵππου
881 2436 907 2494 ἐς
924 2430 956 2492 τά
966 2435 1005 2494 24

158 2519 354 2595 στρατόπεδον,
380 2519 480 2582 πένθος
504 2517 672 2593 ἐποιήσαντο
694 2519 857 2578 Μασιστίου
877 2521 958 2581 πᾶσά

156 2631 188 2664 τε
210 2606 229 2682 ή
254 2606 372 2684 στρατιή
395 2607 441 2665 καὶ
463 2605 622 2684 Μαρδόνιος
644 2606 788 2687 μέγιστον,
812 2608 904 2684 σφέας
926 2635 957 2669 τε

157 2693 256 2758 αύτούς
272 2694 407 2772 κείροντες
425 2695 470 2753 καὶ
488 2694 553 2757 τούς
570 2694 671 2758 ἵππους
691 2697 736 2754 καὶ
756 2695 792 2756 τά
812 2695 955 2778 ὑποζύγια,

158 2785 265 2862 οἰμωγῇ
291 2809 322 2842 τε
348 2783 499 2862 χρεώμενοι
526 2781 647 2861 άπλέτῳ·
682 2782 797 2844 ἅπασαν
822 2784 877 2866 γάρ
905 2785 957 2861 τήν
994 2857 996 2860 ¹

157 2871 293 2946 Βοιωτίην
312 2875 422 2949 κατεῖχε
438 2871 507 2949 ἠχώ·
529 2871 565 2933 ὥς
581 2869 679 2948 άνδρός
696 2871 874 2948 α’πολομένου
887 2872 958 2949 μετά

156 2983 191 3039 γε
210 2958 371 3036 Μαρδόνιον
391 2959 584 3039 λογιμωτάτου
605 2959 683 3036 παρά
702 2987 733 3020 τε
757 2961 890 3039 Πέρσῃσι
912 2962 957 3019 καὶ

157 3047 286 3121 βασιλέϊ.
329 3049 366 3106 Οἱ
383 3048 435 3123 μέν
451 3073 499 3106 νυν
511 3047 659 3124 βάρβαροι
671 3048 766 3126 τρόπῳ
779 3052 817 3126 τῷ
830 3049 957 3128 σφετέρῳ
966 3051 1004 3108 25

158 3132 335 3194 ἀποθανόντα
355 3135 455 3212 ἐτίμων
470 3137 643 3198 Μασίστιον·
670 3139 697 3194 οἱ
716 3135 745 3194 δὲ
757 3135 905 3211 Ἕλληνες,
923 3135 957 3200 ds

158 3223 208 3299 τήν
227 3224 313 3284 ἵππον
334 3223 460 3294 ἐδέξαντο
477 3223 726 3301 προσβάλλουσαν
748 3226 793 3284 καὶ
814 3225 956 3302 δεξάμενοι

158 3310 275 3382 ὤσαντο,
297 3310 460 3387 ἐθάρσησάν
476 3313 508 3371 τε
530 3315 630 3389 πολλῷ
651 3316 773 3388 μᾶλλον,
795 3313 840 3372 καὶ
860 3317 956 3391 πρῶτοι

1063 3407 1117 3522 Ι
