2278 3538
176 154 316 226 1884191]
486 163 684 212 nomm:
928 171 975 217 199

175 243 205 301 δὲ
218 247 246 304 ἐς
256 241 441 318 Κασθαναίην
454 241 676 320 ἐξεβράσσοντο·
695 242 731 319 ἦν
740 269 772 304 τε
780 247 831 304 τοῦ
843 250 978 325 χειμῶνος

173 335 271 408 χρῆμα
285 328 438 407 ἀφόρητον.
480 332 600 411 Λέγεται
613 331 642 390 δὲ
658 330 752 411 λόγος,
768 331 802 395 (ῦς
814 331 956 410 Ἀθηναῖοι
967 338 1022 394 189

173 419 223 478 τόν
244 423 338 497 Βορῆν
359 425 388 477 ἐκ
413 421 582 497 θεοπροπίου
610 420 825 492 ἐπεκαλέσαντο,
847 421 976 486 ἐλθόντος

174 514 230 583 σφι
250 507 342 567 ἀλλου
362 509 536 587 χρηστηρίου
552 507 602 567 τόν
621 507 754 589 γαμβρόν
772 510 916 586 ἐπίκουρον
929 537 975 569 κα-

173 597 326 656 λέσασθαι·
361 601 453 673 Βορῆς
477 596 513 669 δὲ,
541 597 611 655 κατά
636 596 686 656 τάν
712 595 856 671 Ἑλλήνων
879 597 974 679 λόγον,

174 685 230 762 ἔχει
260 689 378 766 γυναῖκα
404 684 534 760 Ἀττικὴν
559 684 716 761 Ὠρείθυιαν
741 683 792 760 τὴν
818 685 974 764 Ἐρεχθέος·

174 773 243 830 κατὰ
262 773 297 848 δη
316 773 348 833 τό
368 774 450 848 κῆδος
466 778 550 833 τοῦτο
566 775 592 832 οί
608 771 759 848 Ἀθηναῖοι,
776 773 810 836 οἷς
829 774 912 849 φάτις
926 774 975 852 ὥρ-

172 885 266 935 μηται,
296 862 535 938 συμβαλλόμενοί
562 869 617 937 σφι
643 860 692 922 τόν
719 867 813 938 Βορῆν
842 863 974 942 γαμβρόν

174 948 250 1018 εἶναι,
279 952 478 1030 ναυλοχέοντες
503 954 553 1026 τῆς
575 950 701 1026 Εὐβοίης
729 955 757 1008 ἐν
783 951 912 1020 Χαλκίδι,
940 951 975 1014 ὦς

174 1038 277 1112 ἔμαθον
294 1039 445 1115 αὐξόμενον
463 1039 512 1099 τόν
532 1044 663 1118 χειμῶνα,
677 1038 707 1119 (ἢ
721 1040 766 1097 καὶ
780 1039 834 1116 πρά
853 1039 974 1121 τούτου)

174 1123 287 1185 ε’θύοντό
304 1153 335 1186 τε
353 1129 398 1186 καὶ
417 1129 600 1186 ἐπεκαλέοντο
621 1127 671 1186 τόν
692 1153 722 1186 τε
742 1133 835 1203 Βορῆν
857 1129 902 1186 καὶ
922 1128 974 1205 τήν

172 1209 336 1290 Ὠρείθυιαν,
350 1218 511 1293 τιμωρῆσαί
525 1223 581 1290 σφι
598 1215 643 1273 καὶ
662 1216 821 1291 διαφθεῖραι
836 1220 891 1274 τῶν
902 1217 973 1292 βαρ-

172 1300 269 1378 βάρων
289 1304 338 1366 τάς
358 1305 428 1373 νέας,
449 1304 485 1367 ὦς
505 1305 551 1363 καὶ
571 1303 706 1380 πρότερον
726 1304 790 1379 περὶ
805 1301 909 1363 Ἄθων.
951 1308 974 1362 εἰ

172 1390 224 1464 μέν
250 1415 298 1450 νυν
325 1391 370 1450 διά
390 1397 478 1452 ταῦτα
504 1397 582 1451 τοῖσι
603 1390 782 1468 βαρβάροισι
803 1390 937 1468 ὁρμέουσι
957 1391 973 1452 ό

172 1478 264 1554 βορῆς
285 1481 413 1550 ἐπέπεσε,
429 1481 478 1539 οὐκ
500 1482 553 1560 ἔχω
574 1483 670 1538 εἰπεῖν·
692 1483 719 1538 οἱ
737 1479 759 1538 δ’
782 1478 818 1538 ὧν
831 1478 976 1555 Ἀθηναῖοί

172 1572 228 1640 σφι
248 1569 367 1648 λέγουσι
384 1569 571 1646 βοηθήσαντα
588 1568 637 1628 τόν
653 1572 747 1644 Βορῆν
763 1567 906 1644 πρότερον,
927 1568 973 1628 καὶ

171 1652 236 1713 τότε
261 1660 351 1716 ἐκεῖνα
375 1657 612 1740 κατεργάσασθαι·
647 1657 693 1716 καὶ
718 1655 777 1734 ἱρόν
804 1656 973 1720 ἀπελθόντες

173 1745 267 1820 Βορέω
282 1745 430 1822 ἱδρύσαντο
443 1746 519 1825 παρά
532 1744 661 1824 ποταμόν
673 1744 808 1806 Ἰλισσόν.

220 1830 269 1892 Ἐν
281 1832 370 1913 τούτῳ
388 1840 426 1912 τῷ
440 1834 515 1914 πόνῳ
530 1836 594 1898 νέας
614 1834 640 1894 οἳ
661 1835 814 1912 ἐλαχίστας
834 1836 952 1915 λέγουσι
962 1836 1019 1894 190

172 1918 369 1998 διαφθαρῆναι,
379 1925 580 2000 τετρακοσιέων
592 1921 643 1982 οὐκ
657 1922 817 1984 ἐλάσσονας
829 1920 929 2000 ἀνδρας
941 1947 973 1981 τε

171 2006 383 2086 ἀναριθμήτους,
402 2011 553 2089 χρημάτων
566 2037 598 2071 τε
615 2012 726 2086 πλῆθος
744 2009 878 2084 ἄφθονον·
899 2008 972 2070 ὥστε

170 2093 348 2171 Ἀμεινοκλέῖ
359 2103 397 2176 τῷ
416 2100 558 2175 Κρητίνεω
575 2098 655 2176 ἀνδρὶ
672 2096 812 2178 Μάγνητι,
825 2097 972 2178 γηοχέοντι

170 2185 234 2260 περὶ
254 2185 390 2261 Σηπιάδα
409 2185 572 2268 μεγάλακαὶ
590 2187 708 2266 ναυηγίη
722 2185 830 2266 ἐγένετο
848 2183 970 2263 κρηστό·

171 2269 202 2332 ὃς
224 2273 320 2331 πολλά
342 2276 394 2350 μέν
414 2274 523 2353 χρύσεα
546 2273 666 2351 ποτήρια
688 2272 795 2352 ῦστέρῳ
814 2271 906 2354 χρόνῳ
929 2277 971 2331 ἐκ·

170 2358 360 2436 βρασσόμενα
373 2361 506 2433 ἀνείλετο,
517 2361 615 2422 πολλά
628 2361 657 2420 δὲ
667 2359 796 2441 ἀργύρεα·
814 2359 972 2438 θησαυρούς

170 2471 202 2504 τε
217 2451 273 2507 τῶν
286 2451 419 2526 Περσέων
439 2448 509 2528 εὗρε,
523 2449 600 2509 ἄλλα
619 2475 650 2509 τε
669 2447 778 2527 χρύσεα
792 2446 888 2524 άφατα
903 2448 971 2528 χρή-

169 2559 247 2610 ματα
259 2537 473 2614 περιεβάλλετο.
516 2536 594 2618 (ἀλλ’
613 2536 628 2597 ό
646 2539 698 2614 μὲν
714 2535 810 2596 τᾶλλα
827 2535 877 2596 οὐκ
894 2536 970 2598 εὐτυ·

169 2622 249 2701 χέων,
269 2624 407 2703 εῦρήμασι
424 2626 499 2707 μέγα
515 2624 655 2688 πλούσιος
672 2623 789 2705 ἐγένετο·
810 2623 845 2700 ἦν
860 2624 916 2706 γάρ
928 2651 971 2689 τις

170 2710 216 2768 καὶ
237 2717 337 2773 τοῦτον
357 2712 456 2793 ἄχαρις
474 2713 609 2791 συμφορὴ
630 2715 760 2772 λυπεῦσα
777 2711 969 2795 παιδοφόνος.)

170 2799 337 2882 Σιταγωγιῦν
363 2802 393 2860 δὲ
418 2801 545 2862 ὁλκάδων
572 2801 618 2860 καὶ
640 2804 695 2860 τῶν
721 2797 817 2860 ἀλλων
842 2802 949 2860 πλοίων
959 2799 1014 2862 191

169 2885 404 2966 διαφθειρομένων
424 2888 474 2949 οὐκ
494 2893 564 2966 ἐπῆν
580 2886 707 2966 ἀριθμός·
736 2886 808 2948 ὥστε
829 2887 970 2952 δείσαντες

169 2977 196 3034 οἱ
208 2977 364 3059 στρατηγοὶ
375 2981 426 3038 τοῦ
438 2982 567 3038 ναυτικοῦ
582 2978 707 3054 στρατοῦ
720 2973 762 3052 μή
780 2981 837 3049 σφι
852 3001 969 3034 κεκακω-

167 3063 279 3138 μένοισι
303 3065 464 3126 ἐπιθέωνται
483 3069 510 3126 οἱ
529 3063 683 3136 Θεσσαλοὶ,
707 3062 785 3138 ἕρκος
804 3060 915 3139 ὐψηλῦν
938 3067 968 3122 ἐκ

167 3154 224 3210 τῶν
242 3153 380 3233 ναυηγίων
402 3154 615 3230 περιεβάλοντο·
642 3149 747 3226 ἡμέρας
766 3148 821 3227 γάρ
843 3147 887 3221 δὴ·
899 3150 968 3226 ἐχεί-

168 3237 240 3315 μαζε
251 3243 334 3317 τρεῖς
354 3241 437 3304 τέλος
449 3241 487 3312 δὲ,
501 3241 602 3319 ἔντομά
611 3265 642 3299 τε
652 3239 791 3296 ποιεῦντες
806 3235 851 3292 καὶ
862 3236 968 3294 καταεί·

168 3324 263 3389 δοντες
274 3325 362 3405 γόησι
379 3331 417 3406 τῷ
430 3328 520 3408 ἀνέμῳ
537 3333 565 3390 οἱ
580 3326 687 3400 Μάγοι,
700 3319 770 3397 πρός
788 3346 819 3380 τε
834 3321 967 3394 τούτοισι,
