2278 3538
192 157 240 205 αιι
493 156 679 204 ιτινοιοιοτ
910 153 989 220 [vn.

191 233 238 292 καὶ
270 231 385 310 Μάρων,
415 231 609 309 Ὀρσιφάντου
640 233 743 298 παῖδας.
786 236 931 298 Θεσπιέων
961 237 992 298 δέ

191 320 330 398 εὐδοκίμεε
349 320 478 397 μάλιστα
497 323 537 401 τῷ
556 319 661 398 οὔνομα
680 319 716 398 ἦν
729 322 914 401 Διθύραμβος
927 324 991 402 Ἀρ-

190 410 315 485 ματίδεω.

143 499 203 558 228
251 500 394 575 Θαφθεῖσι
407 499 439 558 δέ
449 504 506 575 σφι
522 498 608 558 αὐτοῦ
619 497 704 577 ταύτῃ
717 503 806 578 τῇπερ
820 501 930 570 ἔπεσον,
945 502 992 560 καὶ

190 590 267 647 τοῖσι
287 588 420 664 πρότερον
436 591 625 664 τελευτῆσαι
647 585 666 666 ἢ
686 587 741 648 άπὸ
763 588 903 648 Λεωνίδεω
922 587 992 648 άπο-

190 677 370 752 πεμφθέντας
391 676 528 756 οιχεσθαι,
552 678 753 756 ἐπιγέγραπται
774 674 928 756 γράμματα
945 677 993 736 λέ·

191 789 277 844 γοντα
290 764 364 822 τάδε·

208 909 210 914 -
273 877 392 938 Μυριάσιν
408 878 469 925 ποτέ
485 877 543 938 τῇδε
558 877 704 951 τριηκοσίαις
721 877 841 940 ἐμάχοντο

306 951 333 998 έκ
349 950 537 999 Πελοποννάσου
553 951 661 1011 χιλιάδες
676 952 779 1013 τέτορες.

191 1041 279 1096 ταῦτα
305 1039 357 1113 μὲν
384 1037 417 1113 δὴ
437 1041 514 1098 τοῖσι
533 1041 607 1096 πᾶσι
630 1040 840 1120 ἐπιγέγραπται·
864 1042 941 1099 τοῖσι
962 1038 993 1099 δέ

193 1126 388 1205 Σπαρτιήτῃσι
405 1127 468 1205 ἰδίη·

267 1232 299 1281 Ὦ
316 1230 376 1294 ξεῖν’,
396 1235 527 1294 ἀγγέλλειν
544 1233 744 1292 Λακεδαιμονίοις,
759 1235 796 1281 ὅτι
811 1235 870 1296 τῇδε

306 1307 403 1365 κείμεθα
418 1306 468 1354 τοῖς
485 1307 565 1354 κείνων
579 1306 670 1368 ῥήμασι
687 1306 828 1363 πειθόμενοι.

190 1394 436 1471 Λακεδαιμονίοισι
449 1397 501 1472 μὲν
514 1394 548 1470 δὴ
560 1397 654 1453 τοῦτο·
675 1398 713 1472 τῷ
726 1393 755 1452 δέ
767 1393 858 1470 μάντι,
871 1395 946 1456 τάδε·

273 1501 364 1559 Μνῆμα
380 1501 436 1547 τάδε
453 1501 553 1547 κλεινοῖο
570 1500 702 1560 Μεγιστία,
720 1499 746 1546 ὅν
763 1515 823 1546 ποτε
839 1501 920 1559 Μῆδοι

305 1573 440 1631 Σπερχειὸν
456 1573 565 1629 ποταμὸν
576 1571 670 1618 κτεῖναν
687 1571 852 1633 ἀμειψάμενοι,

272 1643 376 1702 μάντιος,
396 1645 421 1692 ὃς
437 1643 494 1690 τότε
510 1643 583 1703 κῆρας
600 1643 762 1704 ἐπερχομένας
778 1644 849 1704 σάφα
866 1645 939 1704 είδώς,

306 1716 347 1762 οὐκ
364 1716 424 1773 έτλη
441 1715 556 1776 Σπάρτης
574 1714 692 1775 ἡγεμόνας
709 1717 842 1778 προλιπεῖν.

193 1811 387 1892 ἐπιγράμμασι
406 1814 458 1888 μέν
479 1838 528 1872 νυν
548 1812 594 1870 καὶ
617 1811 751 1892 στήλῃσι,
782 1813 832 1882 ἔξω
852 1811 870 1889 ἢ
890 1813 923 1874 τδ
942 1820 993 1875 τοῦ

190 1898 305 1977 μάντιος
331 1901 500 1980 ἐπίγραμμα,
529 1898 731 1976 Ἀμφικτυάνες
763 1901 822 1960 είσί
848 1901 940 1978 σφέας
967 1907 993 1962 οἱ

192 1988 441 2063 ἐπικοσμήσαντες·
483 1988 515 2048 τὰ
544 1989 574 2048 δέ
600 1992 650 2048 τοῦ
680 1987 795 2068 μάντιος
824 1988 992 2070 Μεγιστίεω,

193 2077 345 2153 Σιμωνίδης
365 2076 381 2137 o‘
401 2076 583 2154 Λεωπρέτεός
603 2081 665 2136 ἐστι
685 2075 756 2136 κατά
777 2077 879 2154 ξεινίην
899 2076 915 2138 o‘
935 2082 993 2136 ἐπι-

192 2165 312 2246 γράψας.

144 2255 203 2313 229
254 2254 313 2314 Δάο
327 2255 356 2314 δέ
374 2255 478 2314 τούτων
491 2259 545 2313 τῶν
560 2253 727 2330 τριηκοσίων
741 2253 854 2333 λέγεται
867 2251 993 2330 Εὔρυτόν

192 2369 223 2402 τε
244 2343 289 2401 καὶ
315 2331 528 2418 Ἀριστόδημον,
549 2340 653 2418 παρεὸν
673 2339 785 2400 αὐτοῖσι
805 2339 993 2418 α’μφοτέροισι

193 2435 274 2507 κοινῷ
293 2429 370 2509 λόγῳ
389 2430 604 2507 χρησαμένοισι,
631 2426 650 2504 ἢ
670 2426 853 2505 ἀποσωθῆναι
872 2427 944 2505 ὁμοῦ
965 2434 993 2494 ἐς

193 2517 333 2592 Σπάρτην,
356 2517 391 2580 οἷς
411 2515 589 2595 μεμετιμένοι
608 2542 639 2576 τε
658 2515 734 2591 ἦσαν
755 2521 785 2575 ἐκ
804 2521 854 2576 τοῦ
875 2543 994 2594 στρατο-

191 2605 277 2662 πέδου
296 2603 351 2664 ind
372 2604 520 2674 Λεωνιδεω,
542 2603 589 2662 καὶ
609 2604 757 2662 κατεκέατο
779 2608 808 2662 ἐν
824 2602 995 2678 Ἀλπηνοῖσι

192 2691 405 2769 ὀφθαλμιῶντες
423 2697 450 2754 ἐς
468 2690 501 2750 τά
518 2693 649 2770 ἔσχατον·
670 2688 697 2768 ἢ,
712 2691 769 2770 είγε
784 2689 825 2768 μὴ
839 2691 995 2767 ἐβούλοντο

191 2783 340 2855 νοστῆσαι,
367 2778 530 2840 άπαθανέειν
551 2777 609 2855 ἅμα
631 2781 708 2838 τοῖσι
736 2776 863 2838 ἄλλοισι·
889 2781 995 2858 παρεόν

192 2874 249 2944 σφι
267 2867 372 2928 τοίη-ων
389 2866 428 2927 τά
452 2867 532 2943 ἕτερα
554 2866 666 2936 ποιέειν,
694 2865 744 2926 οὐκ
765 2868 900 2943 ἐθελῆσαι
927 2868 994 2946 ὅμο-

193 2958 330 3034 φρονέειν·
357 2954 435 3015 άλλοὶ
454 2953 550 3036 γνώμη
571 2955 778 3034 διενειχθέντας,
798 2955 923 3033 Εὔρυτον
942 2960 995 3033 μέν

192 3045 350 3122 πυθόμενον
361 3048 417 3104 τῶν
430 3043 564 3119 Περσέων
576 3042 629 3120 την
641 3044 779 3122 περίοδον,
796 3043 950 3119 αἰτήσαντά
962 3070 994 3104 τε

192 3132 228 3194 τά
254 3133 330 3194 ὅπλα
357 3133 403 3192 καὶ
430 3131 550 3206 ἐνδύντα,
573 3131 651 3214 ἄγειν
678 3131 763 3192 αὖτδν
786 3135 918 3191 κελεῦσαι
943 3133 995 3194 τδν

153 3243 158 3248 ·
193 3220 293 3280 εἵλωτα
314 3226 341 3284 ἐς
360 3219 426 3284 tofis
445 3220 629 3298 μαχομένους·
654 3218 722 3283 ὅκως
742 3219 772 3279 δὲ
791 3218 875 3278 αὐτὰν
894 3218 993 3298 ἤγαγε,

191 3307 241 3367 τᾶν
255 3312 308 3384 μὲν
325 3306 468 3390 άγαγάντα
484 3307 613 3386 οἴχεσθαι
632 3308 780 3387 φεύγοντα,
799 3305 848 3365 τᾶν
864 3304 892 3361 δὲ
911 3307 991 3364 ἐσπε-
