2268 3536
201 158 229 200 ιι
500 153 683 204 Ἧιόιοιοτ
952 153 1005 219 [ια

197 230 358 312 στρατηγόν
382 231 412 291 δὲ
434 233 552 293 τουτέων
575 232 691 303 ἀπέδεξε
715 233 891 315 Μεγαβάτην
914 233 1000 311 ἄνδρα

197 321 315 396 Πέρσην
331 324 386 380 τῶν
404 319 626 399 Ἀχαιμενιδέων,
645 325 746 382 ἑωυτοῦ
764 349 795 384 τε
814 323 860 380 καὶ
880 322 999 400 Δαρείου

197 406 320 486 άνεψιόν·
340 413 390 468 τοῦ
411 410 575 485 Παυσανίης
596 409 612 468 ό
633 409 844 486 Κλεομβρότεω
865 410 999 470 Λακεδαι-

195 495 300 572 μάνιος,
315 501 339 556 εἰ
355 497 388 572 δή
403 496 512 573 άληθής
523 524 557 578 γε
571 498 633 558 ε’στὶ
649 497 665 558 ό
679 497 774 578 λόγος,
788 497 896 578 ύστέριρ
909 499 999 580 χρόνῳ

195 585 300 645 τούτων
307 585 456 662 ἡρμόσατο
465 586 611 666 θυγατέρα,
621 587 708 663 ἔρωτα
716 586 795 664 σχών
802 591 852 662 τῆς
861 587 999 652 Ἑλλάδος

195 672 328 750 τύραννος
343 674 485 755 γενέσθαι.
519 673 656 744 ἀποδέξας
672 674 701 734 δὲ
720 675 898 754 Μεγαβάτην
915 702 998 752 στρα-

195 763 282 842 τηγόν
305 761 504 837 Ἀρταφέρνης,
526 761 678 822 άπέστειλε
700 761 750 822 τόν
777 763 899 839 στρατόν
923 767 997 840 παραὶ

194 850 244 908 τόν
256 849 472 929 Ἀρισταγόρεα.

147 939 184 995 33
236 937 422 1014 Παραλαβὼν
433 937 462 995 δὲ
476 935 491 996 ό
508 937 684 1017 Μεγαβάτης
698 943 727 998 ἐκ
740 943 791 1014 τῆς
805 938 937 1014 Μιλήτου
949 937 998 1000 τόν

193 1051 225 1084 τε
244 1024 449 1106 Ἀρισταγόρεα
474 1025 519 1086 καὶ
541 1025 593 1100 τήν
613 1024 691 1084 Ἰάδα
712 1025 848 1104 στρατιήν
868 1026 914 1086 καὶ
934 1026 997 1090 τούς

194 1114 325 1184 Ναξίους,
348 1115 429 1172 ἔπλεε
449 1113 597 1190 πρόφασιν
617 1112 659 1172 ἐπ’
676 1114 902 1190 Ἑλλησπόντου.
938 1117 999 1174 ε’πεί

193 1228 225 1262 τε
240 1203 269 1262 δὲ
286 1203 394 1284 ἐγένετο
409 1207 437 1262 ἐν
454 1202 521 1282 Χίῳ,
536 1203 603 1281 ἔσχε
617 1201 666 1266 τάς
680 1204 742 1268 νέας
756 1209 784 1266 ἐς
800 1202 947 1272 Καύκασα,
963 1203 997 1266 ὦς

195 1292 320 1352 ἐνθεῦτεν
337 1292 427 1372 βορέῃ
444 1290 535 1371 άνέμιρ
552 1296 580 1355 ές
599 1290 652 1368 τήν
670 1292 767 1362 Νάξον
786 1291 928 1366 διαβάλοι·
951 1291 997 1348 καὶ

194 1379 226 1439 ού
247 1381 302 1461 γάρ
324 1383 381 1440 ἔεε
401 1381 489 1459 τούτῳ
509 1384 548 1458 τῷ
568 1379 664 1457 στόλῳ
685 1381 808 1448 Ναξίους
828 1377 995 1444 ἀπολέσθαι,

193 1473 311 1548 πρῆγμα
337 1468 444 1528 τοιόνδε
471 1468 640 1544 συνηνείχθη
667 1466 808 1545 γενέσθαι·
844 1462 997 1538 περιϊόντος

194 1554 372 1635 Μεγαβάτεω
394 1554 444 1616 τάς
468 1554 514 1611 ε’πὶ
536 1556 592 1610 τῶν
615 1557 682 1611 νεῶν
708 1549 845 1626 φυλακάς,
867 1549 913 1608 ἐπὶ
936 1550 997 1616 νεός

194 1643 318 1717 Μυνδίης
342 1643 421 1720 ἔτυχε
445 1641 534 1702 οὐδεὶς
558 1639 726 1716 φυλάσσων·
755 1637 770 1698 ὁ
799 1639 828 1697 δὲ
854 1639 942 1700 δεινόν
968 1669 996 1704 τι

193 1730 390 1806 ποιησάμενος,
410 1729 541 1790 ἐκέλευσε
559 1727 623 1790 τούς
644 1727 817 1804 δορυφόρους
838 1727 996 1804 ἐξευρόντας

193 1819 241 1878 τόν
255 1818 378 1897 άρχοντα
391 1817 493 1892 ταύτης
505 1820 556 1892 τῆς
570 1816 637 1889 νεός,
653 1821 691 1896 τῷ
705 1815 811 1892 οὔνομα
823 1815 858 1892 ἦν
872 1815 994 1888 Σκύλαξ,

193 1911 292 1967 τοῦτον
305 1907 391 1982 δῆσαι
404 1905 449 1966 διά
463 1905 603 1980 θαλαμίης
620 1904 762 1968 διελόντας
777 1909 828 1980 τῆς
841 1904 909 1974 νεός,
925 1906 995 1966 κατὰ

192 1999 284 2065 τοῦτο,
299 1996 349 2064 ἔξω
362 1997 413 2071 μὲν
427 1993 555 2069 κεφαλήν
568 1999 713 2058 ποιεῦντας
730 1995 785 2054 ἔσω
804 1993 833 2052 δὲ
850 1993 882 2054 τό
902 1998 995 2070 σῶμα·

193 2083 319 2146 δεθέντος
333 2084 362 2142 δὲ
374 2087 424 2142 τοῦ
439 2081 592 2151 Σκύλακος,
608 2083 774 2165 ἐξαγγέλλει
787 2108 829 2144 τις
844 2085 882 2160 τῷ
900 2081 996 2158 Ἀρισ-

192 2172 299 2254 ταγόρῃ
315 2171 358 2232 ὅτι
378 2171 428 2232 τόν
464 2169 536 2232 εἳνόν
557 2174 583 2230 οἱ
603 2171 652 2232 τόν
673 2170 799 2232 Μύνδιον
820 2169 997 2249 Μεγαβάτης

190 2261 282 2338 δήσας
292 2261 464 2338 λυμαίνοιτο·
479 2259 494 2318 ό
506 2257 529 2318 δ’
538 2260 627 2321 ε’λθών
635 2261 800 2338 παραιτέετο
808 2258 858 2318 τόν
869 2259 994 2335 Πέρσην,

193 2349 337 2430 τυγχάνων
352 2349 381 2408 δὲ
397 2347 508 2410 οὐδενός
524 2352 579 2408 τῶν
593 2349 683 2408 ἐδέετο
697 2347 781 2412 αύτδς
797 2347 886 2407 ε’λθών
901 2347 995 2406 ἔλυσε·

192 2436 349 2513 πυθόμενος
362 2436 391 2496 δὲ
405 2435 493 2512 κάρτα
506 2434 595 2496 δεινόν
612 2436 766 2513 ἐποιήσατο
781 2436 796 2496 ό
810 2435 995 2516 Μεγαβάτης,

194 2528 240 2585 καὶ
257 2525 410 2602 ἐσπέρχετο
428 2527 467 2602 τῷ
479 2523 680 2605 Ἀρισταγόρῃ·
702 2524 717 2584 ό
735 2525 765 2584 δὲ
784 2524 853 2584 εἶπε·
876 2524 950 2583 “σοὶ
967 2523 997 2584 δὲ

195 2615 240 2672 καὶ
260 2612 387 2673 τούτοισι
407 2615 483 2672 τοῖσι
503 2612 653 2693 πρήγμασι
672 2613 703 2672 τί
720 2617 799 2682 ἕστι;
822 2611 854 2672 ου’
876 2615 911 2671 σὲ
931 2610 998 2672 άπέ-

194 2706 290 2761 στειλε
309 2699 502 2777 Ἀρταφέρνης
520 2701 585 2776 ε’μέο
604 2701 761 2770 πείθεσθαι,
779 2700 824 2759 καὶ
843 2701 940 2762 πλέειν
961 2711 997 2780 τῇ

166 2799 174 2850 ζ
194 2788 228 2850 ἂν
245 2789 298 2870 ε’γω
319 2788 440 2858 κελεύω;
460 2789 491 2848 τί
508 2790 606 2849 πολλοὶ
626 2788 806 2866 πρήσσεις;”
827 2792 916 2848 ταῦτα
938 2789 999 2849 εἶπε

193 2877 407 2959 Ἀρισταγόρης·
429 2877 445 2938 ό
465 2878 494 2936 δὲ
512 2879 647 2956 θυμωθεὶς
666 2878 803 2948 τούτοισι,
820 2876 855 2940 οἷς
871 2877 922 2947 νύξ
940 2880 998 2958 ε’γέ-

194 2993 265 3035 νετο,
290 2967 396 3043 ἔπεμπε
419 2971 447 3028 ἐς
473 2966 570 3036 Νάξον
593 2967 684 3045 πλοίῳ
707 2964 807 3044 ἄνδρας
834 2965 1001 3042 φράσοντας

194 3059 270 3115 τοῖσι
288 3055 424 3124 Ναξίοισι
441 3055 533 3114 πάντα
549 3054 585 3114 τά
603 3052 743 3130 παρεόντα
760 3061 817 3130 σφι
834 3055 999 3136 πρήγματα·

148 3145 185 3204 34
196 3146 233 3203 Οἱ
249 3143 305 3224 γάρ
322 3142 359 3203 ὧν
379 3142 481 3211 Νάξιοι
500 3141 580 3202 ούδέν
598 3141 707 3204 πάντως
726 3143 932 3218 προσεδέκοντο
954 3145 1002 3202 ε’πὶ

195 3234 288 3308 σφέας
303 3231 353 3292 τόν
366 3230 474 3291 στόλον
488 3235 587 3291 τοῦτον
601 3229 788 3312 ὁρμήσεσθαι·
812 3233 872 3290 ἐπεὶ
889 3233 941 3309 μέν
955 3259 1002 3294 τοι

196 3320 340 3390 ἐπύθοντο,
355 3319 455 3379 αὐτίκα
474 3322 524 3386 μὲν
541 3319 715 3378 έσενείκαντο
733 3319 769 3377 τά
787 3323 817 3376 ἐκ
835 3324 890 3378 τῶν
907 3319 1001 3399 ἀγρῶν
