2278 3538
164 183 307 248 192-197]
478 185 664 236 ΠΟΛΤΜΝῙᾹ.
919 186 965 236 201

166 265 326 325 δικαστέων·
353 264 369 325 ὁ
391 265 536 343 Σανδώκης
558 267 603 326 ἐπὶ
623 264 753 345 χρήμασι
774 263 870 326 ἅδικον
890 263 968 342 δίκην

166 354 287 412 ἐδίκασε·
309 352 567 430 ἀνακρεμασθέντος
584 353 620 418 ῶν
641 353 735 424 αὐτοῦ,
755 353 968 434 λογιζόμενοςό

166 446 284 518 Δαρεῖος
303 439 366 518 εὗρέ
382 445 408 501 οἱ
425 442 502 500 πλέω
518 442 611 523 α’γαθά
630 447 685 502 τῶν
701 442 905 519 ἁμαρτημάτων
921 467 967 500 πε-

165 530 303 606 ποιημένα
317 535 345 592 ἐς
359 530 435 590 οἶκον
452 529 502 589 τῶν
517 530 683 607 βασιλήϊον·
706 530 791 608 είρών
804 531 834 588 δὲ
851 534 934 589 τοῦτο
952 529 969 589 ὅ

167 621 293 694 Δαρεῖος,
308 620 354 676 καὶ
372 617 455 700 γνούς
474 617 509 682 ῶς
526 617 666 697 ταχύτερα
683 617 766 682 αύτδς
785 616 803 694 ἢ
819 617 969 695 σοφώτερα

167 707 338 786 ἐργασμένος
365 707 415 782 εἴη,
437 708 530 766 ἔλυσε.
571 707 699 782 βασιλέα
721 710 772 783 μὲν
793 707 826 782 δη
848 711 970 783 Δαρεῖον

168 793 238 852 οὕτω
259 794 401 875 διαφυγών
420 793 460 871 μή
482 793 649 864 ἀπολέσθαι,
670 798 777 872 περιῆν·
805 793 869 854 τότε
893 795 923 853 δέ
943 799 971 858 ἐς

167 882 230 944 τούς
245 881 390 958 Ἕλληνας
406 883 602 952 καταπλώσας,
621 884 722 959 ἔμελλε
740 882 773 942 ού
793 883 825 942 τό
844 883 970 960 δεύτερον

168 969 310 1050 διαφυγών
321 972 447 1030 ἔσεσθαι·
463 970 497 1034 ῶς
507 971 562 1051 γάρ
571 977 664 1046 σφεας
675 971 747 1031 εἶδον
757 972 971 1047 προσπλέοντας

169 1060 195 1116 οἱ
211 1057 356 1133 Ἕλληνες,
377 1057 513 1134 μαθόντες
534 1058 623 1119 αὐτῶν
643 1058 695 1134 τήν
715 1060 862 1139 γινομένην
883 1059 970 1136 άμαρ-

168 1145 246 1214 τάδα,
276 1148 483 1225 ἐπαναχθέντες,
505 1145 636 1210 εὐπετέως
663 1148 756 1223 σφέας
778 1147 862 1207 εἶλον.
903 1149 1018 1208 Ἐν195

169 1235 286 1294 τουτέων
306 1238 358 1313 μιῇ
376 1234 521 1313 Ἀρίδωλις
540 1236 633 1295 πλέων
653 1235 722 1310 ἥλω,
735 1235 867 1312 τύραννος
886 1235 971 1294 Ἀλα-

169 1322 281 1398 βάνδων
306 1328 360 1382 τῶν
387 1328 416 1382 ἐν
443 1324 544 1402 Καρίῃ·
580 1329 609 1382 έν
639 1325 717 1403 ἐτέρῃ
745 1323 782 1392 δὲ,
814 1322 829 1383 ὁ
858 1323 971 1399 Πάφιος

171 1412 328 1492 στρατηγός
346 1410 493 1473 Πενθύλος
507 1411 522 1470 ὁ
538 1410 694 1488 Δημονόου,
710 1411 742 1474 ὃς
762 1411 814 1492 ἦγε
834 1414 886 1488 μὲν
906 1410 970 1471 δυώ-

171 1497 236 1556 δεκα
263 1505 330 1574 νῆας
357 1505 387 1558 ἐκ
414 1500 528 1574 Πάφου,
557 1500 714 1576 ἀποβαλών
741 1500 772 1558 δέ
799 1507 895 1576 σφεων
921 1498 972 1562 τάς

172 1587 266 1646 ἕνδεκα
278 1591 316 1666 τῷ
331 1592 445 1666 χειμῶνι
462 1592 501 1666 τῷ
520 1590 658 1669 γενομένῳ
679 1587 749 1648 κατά
771 1589 907 1664 Σηπιάδα,
920 1592 972 1668 μιῇ

171 1679 207 1753 τῇ
226 1676 424 1756 περιγενομένῃ
449 1678 611 1735 καταπλέων
635 1676 676 1735 ἐπ’
696 1675 876 1754 Ἀρτεμίσιον
902 1676 972 1752 ἥλω.

171 1763 285 1826 τούτους
305 1766 331 1822 οἱ
346 1763 493 1839 Ἕλληνες,
509 1763 740 1842 ἐξιστορήσαντες
759 1764 795 1824 τά
816 1765 971 1841 ἐβούλοντο

172 1853 312 1912 πυθέσθαι
338 1851 394 1911 άπδ
414 1856 464 1928 τῆς
484 1853 592 1929 Ξέρξεω
613 1857 754 1930 στρατιῆς,
772 1853 974 1932 ἀποπέμπουσι

173 1940 331 2017 δεδεμένους
344 1947 371 2003 ἐς
383 1941 432 2000 τὸν
443 1941 597 2017 Κορινθίων
609 1941 734 2017 Ἰσθμόν.

212 2029 247 2089 ‘0
268 2033 320 2106 μὲν
340 2028 373 2104 δὴ
394 2029 520 2092 ναυτικῶς
540 2029 556 2089 ό
576 2028 802 2106 τῶνβαρβάρων
823 2030 949 2105 στρατὸς,
963 2032 1018 2090 196

173 2117 263 2194 πάρεξ
281 2122 335 2177 τῶν
355 2117 549 2176 πεντεκαίδεκα
569 2123 636 2177 νεῶν
655 2122 710 2176 τῶν
731 2117 809 2176 εἶπον
829 2117 973 2180 Σανδώκεα

174 2207 364 2286 στρατηγέειν,
381 2204 495 2264 άπίκετο
512 2211 540 2268 ἐς
557 2205 689 2281 Ἀφέτας.
730 2204 836 2281 Ξέρξης
851 2205 881 2262 δὲ
897 2206 942 2262 καὶ
958 2204 974 2264 ὅ

175 2295 263 2366 πεζός,
278 2295 421 2370 πορευθεὶς
436 2294 481 2352 διὰ
500 2294 663 2369 Θεσσαλίης
684 2293 729 2351 καὶ
742 2292 876 2371 Ἀχαιίης,
892 2294 974 2369 ἐσβε-

175 2381 290 2458 βληκώς
302 2381 337 2458 ἦν
351 2382 396 2440 καὶ
410 2381 444 2456 δὴ
454 2385 576 2459 τριταῖος
589 2387 616 2444 ές
627 2381 764 2456 Μηλιέας·
787 2385 815 2439 ἐν
826 2380 974 2459 Θεσσαλίῃ

175 2470 227 2546 μὲν
246 2468 369 2546 ἅμιλλαν
389 2469 578 2545 ποιησάμενος
594 2469 685 2528 ἵππων
700 2473 755 2527 τῶν
777 2473 884 2541 ἑωυτοῦ,
907 2467 975 2528 άπα-

176 2557 342 2634 πειρώμενος
366 2560 412 2617 καὶ
438 2563 488 2633 τῆς
515 2558 678 2633 Θεσσαλίης
702 2558 795 2626 ἵππου,
820 2556 976 2634 πυθόμενος

176 2646 211 2709 ῶς
225 2646 327 2724 α’ρίστη
339 2648 380 2723 εἴη
393 2651 448 2706 τῶν
459 2653 487 2706 ἐν
496 2646 633 2722 Ἕλλησι·
652 2646 716 2706 ἔνθα
730 2645 763 2722 δὴ
775 2649 804 2705 αἱ
813 2645 976 2722 Ἑλληνίδες

177 2734 257 2793 ἵπποι
271 2737 402 2795 ἐλίποντο
415 2735 532 2794 πολλόν.
575 2738 630 2794 τῶν
648 2735 700 2811 μέν
717 2760 765 2794 νυν
782 2739 811 2794 έν
827 2737 976 2814 Θεσσαλίῃ

177 2827 318 2900 ποταμῶν,
348 2822 503 2903 Ὀνόχωνος
543 2826 645 2900 μοῦνος
679 2822 728 2882 οὐκ
763 2821 907 2901 α’πέχρησε
941 2827 976 2901 τῇ

177 2914 296 2989 στρατιῇ
318 2911 351 2972 τά
373 2912 493 2988 ῥέεθρον,
515 2909 671 2988 πινόμενος·
691 2915 746 2970 τῶν
765 2911 794 2968 δὲ
814 2915 842 2969 ἐν
864 2909 977 2989 Ἀχαιίῃ

178 3003 311 3075 ποταμῶν
323 2998 447 3076 ῥεόντων,
463 2999 525 3059 οὐδὲ
539 2997 617 3062 ὅστις
633 2998 649 3058 ό
662 2999 796 3077 μέγιστος
814 2996 903 3056 αὐτῶν
916 2998 978 3056 ἐστὶ

177 3083 337 3160 Ἠπιδανός,
353 3086 416 3146 οὐδὲ
430 3085 510 3150 οὗτος
523 3087 650 3165 άντέσχε,
667 3091 690 3144 εἶ
703 3085 744 3161 μὴ
758 3083 898 3158 φλαύρως-

219 3172 267 3237 Ἐς
282 3174 373 3233 Ἀλον
390 3176 420 3233 δὲ
439 3179 490 3250 τῆς
502 3174 630 3254 Ἀχαιίης
646 3173 804 3249 άπικομένιρ
819 3171 917 3247 Ξέρξῃ,
932 3172 959 3227 οἱ
970 3171 1023 3230 197

181 3261 366 3342 κατηγεμόνες
378 3266 428 3337 τῆς
440 3263 506 3322 ὁδοῦ
516 3262 688 3339 βουλόμενοι
697 3259 729 3319 τδ
740 3263 796 3318 πᾶν
806 3258 978 3338 ἐξηγέεσθαι,

172 3349 280 3429 ,ἔλεγόν
303 3351 330 3408 οἱ
351 3349 498 3426 ἐπιχώριον
525 3350 619 3430 λόγον,
641 3348 677 3408 τά
703 3347 775 3423 περὶ“
790 3345 823 3405 νδ
848 3344 907 3422 ἱράν
930 3348 980 3404 τοῦ

1079 3417 1133 3494 Δ
