2278 3538
192 157 238 203 216
498 153 677 202 Ἡνοιοτοι·
916 152 989 216 [vn.

191 237 241 292 τοῦ
254 233 402 313 γεγονότος
414 234 543 309 βασιλέϊ·
566 231 638 292 ὥστε
651 235 739 292 ταῦτα
752 231 889 313 λέγοντες,
903 259 990 309 περιε-

191 322 310 402 γίνοντο·
326 321 469 403 εἶχονγάρ
481 322 526 380 καὶ
536 319 703 398 Θεσσαλούς
716 323 770 379 τῶν
785 319 877 401 λόγων
889 320 991 381 τούτων

192 409 341 487 μάρτυρας·
371 411 402 469 οὗ
422 411 517 488 μέντοι
537 408 572 468 τά
596 435 629 491 γε
649 408 742 468 πάντα
763 407 929 487 εύτύχησαν·
958 409 993 473 ὥς

192 497 247 580 γάρ
261 498 360 562 αύτούς
374 500 480 574 ἔλαβον
497 502 523 558 οἱ
543 498 690 574 βάρβαροι
709 496 851 567 ἐλθόντας,
865 497 929 561 τούς
941 500 992 574 μέν

193 613 268 650 τινας
293 589 338 645 καὶ
358 586 521 646 ἀπέκτειναν
541 586 717 663 προσιόντας,
739 586 803 648 τούς
823 586 853 646 δὲ
873 591 993 650 πλεῦνας

193 673 290 748 αὐτῶν,
312 675 495 738 κελεύσαντος
515 675 631 750 Ξέρξεω,
649 675 757 744 ἔστιζον
778 675 920 754 στίγματα
939 676 992 750 βα-

194 763 302 838 σιλήῖα,
323 763 472 839 ἀρξάμενοι
492 763 549 822 άπὸ
565 767 615 821 τοῦ
632 765 793 843 στρατηγοῦ
813 763 991 822 Λκοντιάδεω·

193 855 243 910 τοῦ
261 851 311 910 τόν
328 850 415 909 παῖδα
430 850 598 930 Εὐρύμαχον
616 850 708 930 χρόνῳ
721 852 868 926 μετέπειτα
882 850 994 925 ἐῷόνευ-

194 965 249 998 σαν
274 939 437 1009 Πλαταιέες,
465 939 703 1020 στρατηγήσαντα
729 938 834 1014 α’νδρῶν
861 939 993 1014 Θηβαίων

193 1029 377 1104 τετρακοσίων
392 1029 437 1088 καὶ
451 1028 559 1106 σχόντα
571 1028 605 1088 τό
619 1027 691 1088 ἄστυ
704 1025 737 1088 τά
751 1027 923 1086 Πλαταιέων.

146 1117 206 1174 234
243 1119 280 1174 Οἱ
292 1120 343 1192 μὲν
355 1115 390 1192 δή
402 1118 469 1193 περὶ
486 1115 671 1193 Θερμοπύλας
682 1115 821 1190 Ἓλληνες
840 1114 909 1174 οὕτω
923 1114 993 1196 ήγω·

194 1205 318 1265 νίσαντο·
353 1206 458 1282 Ξέρξης
483 1205 512 1264 δὲ
540 1205 663 1266 καλέσας
687 1201 865 1278 Δημάρητον,
896 1203 994 1278 εἰρώτα

195 1291 349 1370 α’ρξάμενος
370 1293 485 1352 ἐνθένδε·
514 1304 531 1328 “
540 1292 699 1368 Δημάρητε,
725 1290 798 1367 ἁνήρ
817 1290 856 1353 εἶς
879 1289 992 1371 α’γαθός·

193 1383 376 1458 τεκμαίρομαι
392 1380 422 1438 δέ
442 1385 478 1458 τῇ
496 1380 628 1458 α’ληθηΐη·
653 1378 710 1440 ὅσα
725 1377 782 1458 γάρ
801 1377 887 1448 εἶπας,
908 1377 994 1439 ἅπαν-

193 1495 229 1528 τα
248 1468 343 1546 άτέβη
357 1468 437 1528 οὕτω·
464 1473 512 1528 νῦν
526 1469 604 1545 δέμοι
618 1470 684 1538 sinz,
709 1466 790 1526 κόσοι
810 1468 881 1529 τινές
899 1471 954 1525 εἶσι
968 1469 994 1526 οἱ

194 1558 290 1616 λοιποὶ
317 1556 540 1633 Λακεδαιμόνιοι,
563 1557 608 1614 καὶ
630 1554 733 1615 τούτων
753 1553 852 1616 ὁκόσοι
872 1559 994 1615 τοιοῦτοι

193 1645 229 1704 τά
255 1646 385 1720 πολέμια,
415 1646 468 1704 εἴτε
496 1644 542 1702 καὶ
565 1643 713 1712 άπαντες;”
749 1643 767 1701 ό
790 1642 812 1701 δ’
841 1642 909 1702 εἶπε·
947 1640 995 1702 “όι

194 1733 328 1808 βασιλεῦ,
354 1734 459 1808 πλῆθος
485 1735 537 1809 μὲν
562 1733 671 1792 πάντων
694 1735 752 1791 vd·
772 1731 995 1808 Λακεδαιμονίων

195 1821 305 1880 πολλόν
328 1821 373 1878 καὶ
394 1820 477 1884 πόλις
499 1821 615 1889 πολλαὶ,
636 1819 668 1879 τό
693 1820 721 1878 δὲ
742 1820 833 1882 θέλεις
852 1819 995 1895 ἐκμαθέειν

196 1908 322 1984 εἰδήσεις·
354 1910 415 1968 ἐστι
442 1914 470 1968 ἐν
491 1911 527 1987 τῇ
548 1907 734 1984 Λακεδαίμονι
761 1906 885 1984 Σπάρτη,
911 1906 995 1972 πόλις

195 1996 300 2074 ἀνδρῶν
313 1997 529 2076 ὀκτακισχιλίων
539 1995 665 2073 μάλιστά
678 2021 723 2072 κη·
738 1991 814 2055 οἶκτοι
827 1994 928 2058 πάντες
939 1997 994 2054 εἰσὶ

194 2084 288 2162 ὁμοῖοι
301 2089 376 2146 τοῖσι
394 2085 489 2145 ἐνθάδε
503 2085 736 2162 μαχεσαμένοισι·
758 2083 788 2142 οἶ
798 2109 831 2165 γε
844 2085 896 2160 μὲν
909 2081 995 2142 ἄλλοι

195 2174 409 2252 Λακεδαιμόνιοι
427 2173 552 2232 τούτοισι
568 2176 619 2248 μὲν
639 2170 688 2230 ούκ
706 2171 806 2246 ὁμοῖοι,
820 2169 922 2250 α’γαθοὶ
938 2171 993 2229 BH

195 2262 255 2321 εἶπε
275 2261 346 2341 πρός
365 2266 452 2321 ταῦτα
473 2261 587 2337 Ξέρξης·
617 2271 633 2294 “
644 2258 803 2335 Δημάρητε,
824 2259 876 2336 τέῳ
899 2258 994 2339 τρόπῳ

195 2349 390 2426 α’πονητότατα
416 2354 471 2410 τῶν
497 2348 602 2425 ἀνδρῶν
629 2347 732 2405 τούτων
759 2346 993 2424 ἐπικρατήσομεν;

194 2439 233 2499 ἴθι
254 2440 361 2518 ἐξηγέο·
374 2438 419 2498 ’σὺ
440 2439 494 2517 γάρ
516 2439 586 2515 ἔχεις
606 2435 696 2495 αὐτῶν
715 2435 765 2499 τάς
786 2434 924 2504 διεξόδους
940 2439 995 2496 τῶν

147 2529 204 2586 235
215 2525 423 2602 βουλευμάτων,
451 2525 496 2583 οἶα
522 2524 663 2600 βασιλεύς
688 2521 859 2604 γενόμενος.”
904 2522 938 2582 ‘O
966 2525 996 2584 δέ

194 2613 337 2690 ἀμείβετο·
360 2611 407 2676 5ςῶ
420 2615 554 2689 βασιλεῦ,
570 2617 593 2670 εἱ
606 2611 705 2688 μὲνδὴ
724 2610 936 2688 συμβουλεύεαί
945 2637 995 2686 μοι

188 2700 349 2778 προθύμως,
365 2699 470 2760 δίκαιόν
482 2701 520 2777 μέ
535 2700 586 2780 σοί
601 2705 663 2760 ἐστι
681 2699 797 2776 φράζειν
816 2697 848 2758 τό
868 2699 995 2772 ἄριστον.

194 2793 218 2847 εἰ
235 2793 292 2869 τῆς
303 2793 431 2866 ναυτικῆς
452 2792 586 2865 στρατιῆς
604 2789 664 2850 νέας
685 2787 846 2863 τριηκοσίας
864 2785 996 2845 ἀποστεί-

194 2880 271 2940 λειας
292 2878 338 2936 ἐπὶ
357 2876 408 2952 τήν
435 2875 576 2936 Λάκαιναν
597 2875 700 2953 χώρην·
728 2876 788 2934 ἐστι
809 2875 838 2932 δὲ
862 2873 903 2932 ἐπ’
925 2873 997 2952 αὐτῇ

194 2968 281 3040 νῆσος
312 2964 468 3040 ἐπικειμένη
502 2967 537 3041 τῇ
566 2962 670 3039 οὔνομά
698 2967 758 3022 ἐστι
790 2961 916 3038 Κύθηρα,
943 2961 996 3038 τήν

195 3053 299 3122 Χίλων,
314 3051 384 3128 α’νήρ
398 3050 463 3127 παρ’
477 3050 544 3126 ἡμῖν
558 3050 724 3126 σοφιότατος
734 3048 888 3129 γενόμενος,
901 3050 996 3127 κέρδος

194 3141 285 3216 μέζον,
305 3141 367 3216 ἔφη,
390 3138 459 3198 εἶναι
481 3138 675 3216 Σπαρτιήτῃσι
693 3135 763 3196 κατά
780 3140 830 3210 τῆς
846 3136 996 3212 θαλάσσης

195 3227 404 3288 καταδεδυκέναι
425 3229 538 3304 μᾶλλον
558 3225 577 3300 ἢ
599 3225 750 3302 ὑπερέχειν,
774 3225 830 3282 αἰεί
853 3249 881 3283 τι
907 3251 997 3300 προσ-

305 3312 342 3332 )1
382 3314 426 3334 'A

195 3311 282 3373 δοκῶν
294 3339 335 3372 απ
355 3339 441 3390 αυτης
453 3316 563 3374 τοιοῦτο
577 3313 694 3373 ἔσεσθαι
708 3309 766 3372 οἶόν
778 3335 806 3370 τι
819 3311 873 3389 ἐγιδ
886 3312 998 3392 ἐξηγέο-
