2278 3538
166 127 214 174 ιιι
477 125 659 173 Ἠιοιοτοτ
872 121 964 188 [vm.

165 204 248 263 πεδον
265 202 299 263 τθ
317 205 373 263 τοῖν
384 201 538 278 Ἑλλήνων·
561 202 632 261 οὕτω
645 202 675 261 δέ
688 201 787 265 αύτούς
799 202 908 278 μαθεῖν,
922 190 966 264 θτι

156 290 198 350 ’τό
215 290 341 350 ναυτικόν
360 317 392 350 το
385 290 519 367 Ξέρξεω
537 289 710 349 ἀπολέεσθαι
725 291 838 366 μέλλοι.
879 295 965 351 ταῦτα

166 381 216 454 μέν
236 382 350 442 Δικαῖος
369 405 384 438 ο
377 378 553 441 Θεοκύδεος
571 380 658 457 ἔλεγε,
678 376 850 496 Δημαρήτου
869 404 901 437 τε
921 380 966 438 καῖ

167 465 262 526 ἄλλων
275 467 421 545 μαρτύρων
435 466 651 542 καταπτόμενος

118 554 156 614 66
200 558 236 614 Οἱ
249 555 279 613 δέ
292 555 367 617 ἐς
336 581 384 614 τον
403 555 510 632 Ξέρξεω
528 553 655 613 ναυτικόν
672 552 794 630 στρατόν
810 554 965 633 ταχθέντες,

166 643 259 718 ἐπειδὴ
274 649 305 702 ἐκ
317 647 453 721 Τρηχῖνος
472 642 640 718 θεησάμενοι
658 640 691 701 τό
705 644 801 717 τρῶμα
819 641 852 700 τό
870 649 966 700 Λακω-

166 731 241 790 νικόν
257 731 394 806 διέβησαν
411 736 437 793 ἐς
455 730 507 806 την
524 729 667 805 Ἱστιαίην,
684 726 847 806 ἐπισχόντες
862 728 967 805 ἡμέρας

166 822 238 896 τρεῖς
257 820 364 876 ἔπλωον
383 817 416 876 δι’
433 817 565 895 Εύρίπου,
581 818 627 876 καὶ
645 823 674 876 ἐν
688 817 798 928 ἐτέρησι
811 818 888 893 τρισὶ
901 816 967 893 ἡμέ-

165 931 233 984 ρῃσι
251 907 377 986 ἐγένοντο
394 911 422 964 ἐν
441 906 571 984 Φαληρῳ
593 905 628 968 ώς
641 908 692 981 μὲν
709 909 771 980 ἐμοι
761 905 950 977 δοκέειν,’
917 931 967 964 ουκ

167 993 321 1056 ἐλάσσονες
339 994 427 1057 ἐόντες
445 992 564 1104 ἀριθμόν
578 994 747 1102 ἐσέβαλον’
734 1017 762 1054 ες
775 991 826 1056 τοὶς
838 991 965 1067 Ἀθήνας,

167 1082 237 1140 κατά
249 1108 280 1141 τε
292 1081 464 1159 ἤπειρον
420 1109 466 1140 και
479 1085 546 1160 τῇσι
559 1081 643 1157 νηυσὶ
660 1079 831 1156 ἀπικόμενοι,
845 1105 864 1155 η
878 1082 925 1139 ἐπί
936 1107 967 1140 τε

167 1170 294 1246 Σηπιάδα
321 1170 453 1230 ἀπίκοντο
481 1170 527 1228 καὶ
548 1175 575 1232 ἐς
599 1168 792 1245 Θερμοπύλας.
827 1166 967 1245 ἀντιθήσω

165 1258 221 1340 γάρ
234 1260 313 1318 τοῖσί
324 1285 354 1318 τε
368 1258 422 1318 ύπδ
434 1263 484 1318 τοῦ
498 1261 632 1336 χειμῶνος
650 1255 740 1315 αύτιῖν
754 1255 964 1332 ἀπολομένοισι,

167 1348 213 1406 καὶ
232 1351 309 1406 τοῖσι
328 1352 356 1406 ἐν
373 1345 584 1424 Θερμοπύλῃσι,
600 1345 645 1402 καὶ
663 1349 730 1422 τῇσι
744 1342 785 1402 ἐπ’
799 1343 967 1423 Ἀρτεμισίῳ

167 1437 345 1515 ναυμαχίῃσι,
360 1434 462 1494 τούσδε
474 1434 538 1496 τούς
550 1433 614 1494 τότε
629 1431 699 1513 σύκῳ
719 1431 868 1508 ἑπομένους
880 1433 967 1507 βασι-

166 1525 223 1596 λέϊ,
253 1524 380 1598 Μηλιέας
405 1549 436 1581 τε
464 1524 509 1581 καὶ
537 1521 668 1598 Δωριέας,
689 1521 735 1578 καὶ
758 1517 889 1595 Λοκρούς,
920 1519 966 1578 καὶ

167 1610 304 1673 Βοιωτούς
320 1615 494 1688 πανστρατιῇ
514 1611 663 1685 ἑπομένους
680 1605 757 1682 πλην
775 1606 918 1666 Θεσπιέων
936 1632 967 1666 τε

168 1699 213 1756 καὶ
228 1699 401 1756 Πλαταιέων·
424 1698 475 1764 καὶἸ
490 1695 570 1773 μάλα
591 1696 767 1773 Καρυστίους
786 1719 817 1754 τε
840 1694 886 1752 καὶ
905 1691 967 1754 Ἀν-

167 1786 265 1862 δρίους,
288 1785 333 1842 καὶ
353 1785 467 1860 Τηνίους
482 1810 513 1843 τε
530 1785 575 1842 καὶ
597 1784 662 1846 τούς
688 1781 804 1844 λοιπούς
830 1780 968 1857 νησιώτας

167 1872 280 1943 πάντας,
304 1872 381 1949 πλην
407 1878 461 1932 τών
484 1873 565 1932 πέντε
585 1872 691 1954 πολίων
711 1874 765 1929 τῶν
789 1867 967 1945 ἐπεμνήσθην

166 1961 302 2039 πρότερον
328 1961 364 2021 τά
391 1961 539 2038 οὐνόματα·
575 1959 633 2038 ὅσῳ
659 1959 713 2038 γάρ
747 1957 781 2033 δὴ
816 1957 967 2034 προέβαινε

166 2051 290 2128 ἐσωτέρω
317 2055 367 2127 τῆς
392 2050 531 2112 Ἑλλάδος
553 2048 569 2108 ὁ
594 2044 717 2125 Πέρσης,
741 2046 867 2125 τοσούτῳ
889 2047 967 2105 πλέω

167 2139 245 2198 ἐθνειί
260 2143 286 2199 οἶ
301 2141 402 2200 εἵπετο.

119 2228 156 2288 67
205 2227 285 2287 Ἐπεὶ
306 2227 343 2288 ὧν
364 2228 484 2287 ἀπίκατο
506 2231 533 2289 ἐς
553 2223 605 2288 τάς
624 2223 745 2300 Ἀθήνας
764 2223 866 2286 πάντες
882 2219 966 2290 οὗτοι,

166 2316 243 2391 πλὴν
261 2317 384 2393 Παρίων·
405 2315 509 2390 Πάριοι
527 2315 557 2372 δέ
574 2313 791 2388 ύτολειφθέντες
808 2317 837 2372 ἐν
858 2311 966 2389 Κύθνῳ,

166 2403 348 2480 ἐκαραδόκεον
371 2403 420 2462 τόν
446 2401 572 2477 πόλεμον
594 2405 634 2477 Ικῆ
661 2400 849 2476 ἀποβήσεται·
885 2401 911 2458 οἱ
938 2399 968 2458 δέ

166 2493 263 2550 λοιποὶ
277 2490 311 2552 ώς
330 2490 462 2548 ἀπίκοντο
479 2494 506 2550 ἐς
522 2488 555 2548 τό
574 2488 713 2564 Φάληρον,
728 2489 847 2548 ἐνθαῦτα
860 2487 968 2562 κατέβη

167 2578 250 2640 αύτός
262 2578 366 2653 Ξέρξης
380 2577 425 2635 ἐπὶ
438 2576 488 2638 τοῖς
507 2580 582 2652 νῆας,
597 2577 699 2636 ἐθέλων
716 2582 771 2652 σφι
789 2574 925 2652 συμμίξαι
937 2599 969 2632 τε

167 2667 213 2725 καὶ
233 2665 372 2724 πυθέσθαι
388 2667 442 2724 τῶν
462 2663 656 2724 ἐπιπλωόντων
677 2663 727 2726 τοῖς
747 2663 867 2744 γνώμας.
909 2662 969 2720 ἐπεὶ

166 2755 196 2814 δέ
219 2753 385 2830 ἀπικόμενος
408 2753 545 2829 προΐζετο,
569 2756 701 2829 παρῆσαν
725 2750 918 2828 μετάπεμπτοι
942 2753 969 2808 οἱ

165 2848 220 2904 τοῖν
243 2844 341 2904 ἐθνέων
362 2845 416 2902 τῶν
438 2842 582 2918 σφετέρων
604 2839 731 2914 τύραννοι
756 2841 801 2897 καὶ
823 2840 969 2916 ταξίαρχοι

166 2931 222 2992 α’πό
240 2937 295 2992 τῶν
313 2935 392 3007 νηῶν,
407 2930 452 2988 καὶ
474 2930 564 2999 ἵζοντο
582 2927 616 2989 ώς
632 2934 688 3002 σφι
707 2926 844 3002 βασιλεύς
861 2925 969 3005 ἑκάστῳ

165 3021 249 3096 τιμην
271 3019 405 3079 ἐδεδώκεε·
433 3020 541 3092 πρῶτος
561 3018 612 3091 μὲν
631 3015 646 3074 ό
670 3015 798 3076 Σιδόνιος
819 3012 968 3090 βασιλεύς·

165 3107 236 3182 μετά
260 3107 289 3165 δέ
314 3107 329 3165 ό
351 3105 458 3181 Τύριος·
493 3103 539 3160 ἐπὶ
566 3103 603 3170 δέ,
627 3099 724 3160 ώλλοι·
760 3103 795 3165 οῖς
818 3103 848 3161 δέ
872 3101 969 3179 κόσμῳ

167 3196 266 3268 ἐπεξῆς
294 3195 392 3263 ἵζοντο,
417 3191 530 3266 πέμψας
550 3190 654 3264 Ξέρξης
676 3189 835 3266 Μαρδόνιον
861 3187 967 3264 εἰρώτα,

166 3278 389 3356 α’παπειρώμενος
422 3276 550 3344 ἑκάστου,
581 3280 605 3334 εἰ
638 3281 793 3354 ναυμαχίην
826 3275 967 3342 ποιέοιτο;
