2268 3536
174 139 204 186 ιι
469 138 662 190 ,ωιοκουου
926 139 970 204 [ν.

173 217 284 297 τανηίῳ,
301 218 350 276 καί
366 243 415 293 μιν
437 217 532 295 ἵδρυσε
551 219 669 280 ἐνθαῦτα
687 224 716 280 ἐν
731 224 769 299 τῷ
787 220 971 302 ἰσχυροτάτῳ·

173 305 330 388 ἐπηγάγετο
350 307 380 366 δέ
399 307 449 368 τόν
469 306 657 368 Μελάνιππον
677 308 693 368 ὁ
711 310 893 386 Κλεισθένης,
914 313 971 389 (καὶ

172 395 227 472 γαρ
251 400 334 455 τοῦτο
355 395 397 456 δεῖ
422 394 653 477 ἀπηγήσασθαι)
670 397 706 460 ὦς
733 399 864 476 ἔχθιστον
892 399 970 460 ἐόντα

172 481 327 564 Ἀδρήστῳ·
352 485 383 549 ὃς
403 484 452 546 τόν
472 511 502 544 τε
523 484 663 558 ἀδελφεόν
684 489 711 544 οἱ
733 487 882 561 Μηκιστέα
905 486 970 546 α’πε-

173 572 266 632 κτόνεε
287 573 332 632 καὶ
352 572 403 633 τόν
421 572 555 654 γαμβρόν
579 573 677 632 Τυδέα·
706 574 769 632 ἐπεί
786 600 817 634 τε
837 574 869 633 δέ
888 579 915 635 οἶ
938 575 970 636 τό

171 660 284 737 τέμενος
310 661 433 734 α’πέδεξε,
463 662 562 724 θυσίας
584 686 614 720 τε
638 663 692 720 καὶ·
707 660 791 737 ὁρτὰς
812 660 969 739 Ἀδρήστου

170 748 346 830 ἀπελόμενος
359 750 440 808 ἔδωκε
455 754 494 828 τῷ
512 750 698 829 Μελανίππῳ.
739 752 766 810 οἶ
779 749 809 808 δέ
827 751 969 814 Σικυώνιοι

172 837 295 898 ἐώθεσαν
312 839 475 918 μεγαλωστὶ
494 838 581 914 κάρτα
598 843 681 916 τιμᾶν
698 837 748 900 τόν
761 837 931 915 ΙἈδρηστον·
951 839 970 915 ηΙ

171 926 227 1005 γὰρ
249 926 327 1005 χώρη
349 925 383 1002 ἦν
404 925 473 1001 αὕτη
495 925 643 1001 Πολύβου·
673 925 689 986 ὁ
712 926 741 986 δέ
757 925 916 1003 ’Ἄδρηστος
936 926 970 1002 ἦν

173 1014 314 1091 Πολύβου
332 1013 517 1095 θυγατριδέος·
539 1013 623 1078 ἄπαις
636 1015 665 1074 δὲ
681 1014 819 1090 Πόλυβος
833 1019 969 1074 τελευτῶν

172 1101 244 1161 διδοῖ
268 1102 413 1182 Ἀδρήστῳ
438 1103 490 1178 τήν
519 1101 617 1180 ἀρχήν.
658 1102 694 1162 τό
720 1129 751 1162 τε
777 1103 811 1178 δή
839 1102 915 1162 ἄλλα
943 1107 970 1162 οἱ

172 1190 315 1254 Σικυώνιοι
337 1192 435 1268 ἐτίμων
454 1192 504 1252 τόν
519 1189 687 1268 Ἀδρηστον,
713 1192 760 1250 καὶ
780 1191 911 1267 δήπρὸς,
933 1187 969 1250 τοὶ

170 1278 262 1340 πάθεα
280 1280 365 1342 αὐτοῦ
380 1284 540 1362 τραγικοῖσι
556 1283 669 1358 χοροῖσι
687 1279 837 1360 ἐγέραιρον,
850 1279 900 1340 τόν
917 1282 968 1355 μέν

170 1369 310 1429 Διόνυσον
330 1370 363 1430 ού
383 1371 534 1446 τιμέωντες,
561 1369 611 1428 τόν
638 1368 667 1426 δὲ
686 1366 854 1444 Ἄδρηστον·
883 1372 966 1427 Κλει-

171 1457 273 1533 σθένης
293 1459 322 1517 δέ
342 1458 443 1536 χορούς
456 1461 507 1533 μὲν
520 1461 559 1534 τῷ
573 1455 702 1535 Διονύσῳ
717 1455 849 1526 ἀπέδωκε,
866 1455 919 1531 τήν
938 1456 967 1516 δέ

169 1544 262 1620 α”λλην
275 1547 376 1619 θυσίην
389 1549 426 1623 τᾷ
441 1546 625 1622 Μελανίππῳ.
667 1548 754 1602 ταῦτα
766 1547 817 1620 μὲν
831 1549 857 1606 ἐς
866 1543 966 1620 Ἀδρη-

123 1633 161 1690 68
170 1631 240 1691 στόν
254 1636 280 1691 οἱ
293 1633 438 1708 πεποίητο.
467 1632 562 1694 Φυλὰς
573 1632 664 1694 δὲτὰς
675 1633 809 1708 Δωριέων,
822 1632 866 1691 ἵνα
879 1631 913 1707 δή
925 1629 966 1707 μή

121 1729 124 1736 “
170 1723 199 1779 αἱ
212 1720 293 1779 αὐτοὶ
307 1721 372 1779 ἐωσι
384 1723 460 1780 τοῖσι
469 1721 644 1785 Σικυωνίοισι
657 1720 703 1777 καὶ
716 1723 792 1780 τοῖσι
804 1718 965 1800 Ἀργείοισι,
1020 1755 1025 1764 ·

168 1810 311 1884 μετέβαλε
332 1813 360 1870 ἐς
380 1807 458 1868 ἅλλα
484 1806 632 1882 ούνόματα·
668 1809 733 1866 ἔνθα
760 1809 805 1887 καὶ
831 1811 967 1868 πλεῖστον

170 1896 343 1976 κατεγέλασε
355 1899 410 1956 τῶν
429 1896 591 1960 Σικυωνίων·
614 1896 659 1953 ἐπὶ
672 1894 727 1974 γὰρ
742 1895 788 1956 ύός
801 1921 831 1954 τε
846 1896 892 1954 καὶ
902 1894 966 1956 ὄνου

168 1983 219 2046 τός
229 1984 382 2061 ἐπωνυμίας
391 1984 555 2061 μετατιθεὶς,
563 1983 633 2043 αύτᾶ
642 1983 679 2042 τοῖ
688 1987 833 2042 τελευταῖα
842 1984 966 2059 ἐπέθηκε,

168 2072 245 2148 πλήν
264 2077 314 2148 τῆς
335 2076 435 2132 ἐωυτοῦ
456 2075 559 2147 φυλῆς·
582 2070 669 2148 ταύτῃ
685 2070 716 2130 δέ
734 2069 767 2130 τό
787 2069 892 2147 οὔνομα
909 2071 965 2132 οἷπδ

168 2164 218 2236 τῆς
238 2164 338 2222 ἑωυτοῦ
359 2160 447 2240 α’ρχῆς
467 2161 553 2220 ἔθετο.
596 2156 672 2218 οὗτοι
691 2161 743 2234 μὲν
763 2159 797 2233 δή
816 2158 967 2238 Ἀρχέλαοι

169 2251 326 2310 ἐκαλέοντο·
356 2250 444 2325 ἕτεροι
464 2249 501 2318 δὲ,
522 2247 629 2307 Ὑᾶται·
661 2245 747 2306 ἄλλοι
767 2247 805 2316 δέ,
827 2247 966 2309 Ὀνεᾶται·

169 2337 257 2414 ἕτεροι
275 2339 305 2398 δέ
324 2341 484 2413 Χοιρεᾶται.
526 2335 652 2396 τούτοισι
668 2339 743 2395 τοῖσι
760 2335 896 2410 οὐνόμασι
912 2342 968 2398 τῶν

168 2427 281 2501 φυλέων
298 2426 432 2503 ἐχρέωντο
450 2427 476 2483 οἱ
495 2424 639 2490 Σικυώνιοι
657 2425 703 2482 καὶ
721 2425 767 2482 ἐπὶ
781 2427 968 2491 Κλεισθένεος

170 2512 314 2591 ἄρχοντος,
323 2513 369 2570 καὶ
379 2513 482 2572 ἐκείνου
492 2512 639 2575 τεθνεῶτος
650 2513 689 2571 ἐτι
700 2511 742 2570 ἐπ’
753 2513 814 2571 ἔτεα
824 2513 967 2588 ἐξήκοντα·

167 2602 317 2677 μετέπειτα
332 2601 427 2677 μέντοι
444 2599 532 2681 λόγον
545 2601 633 2675 σφίσι
652 2600 752 2670 δόντες,
765 2602 927 2678 μετέβαλον
942 2609 969 2667 ἐς

167 2688 233 2752 τούς
244 2688 364 2751 Ὑλλέας
378 2689 424 2748 καὶ
438 2688 616 2764 Παμφύλους
626 2690 671 2748 καὶ
682 2689 858 2766 Δυμανάτας·
872 2691 968 2769 τετόρ-

168 2803 232 2840 τους
242 2777 271 2836 δὲ
285 2776 396 2836 αὐτοῖσι
406 2778 577 2855 προσέθεντο
589 2779 633 2837 ἐπὶ
643 2783 693 2838 τοῦ
703 2777 860 2856 Ἀδρήστου
869 2780 968 2844 παιδός

168 2867 326 2946 Αἰγιαλέος,
360 2864 411 2944 τήν
438 2867 592 2942 ἐπωνυμίην
623 2866 782 2942 ποιεύμενοι
811 2870 969 2944 κεκλῆσθαι

168 2945 348 3034 Αἰγιαλέας.Ι

121 3044 158 3100 69
209 3047 302 3102 Ταῦτα
309 3043 362 3118 μέν
369 3041 442 3102 νυνὸ
453 3041 599 3106 Σικυώνιος
610 3042 786 3118 Κλεισθένης
797 3044 967 3120 ἐπεποιήκεε.

168 3131 184 3190 ὁ
205 3131 234 3190 δὲ
252 3131 286 3206 δή
306 3131 452 3204 Ἀθηναῖος
473 3132 655 3206 Κλεισθένης,
678 3130 729 3190 ἐών
748 3137 798 3203 τοῦ
819 3133 969 3197 Σικυωνίου

167 3218 267 3279 τούτου
284 3219 461 3299 θυγατριδέος
479 3218 524 3278 καὶ
542 3218 574 3278 τό
592 3219 696 3296 οὔνομα
714 3222 760 3279 ἐπὶ
775 3220 875 3281 τούτου
889 3224 968 3301 ἔχων,

169 3305 273 3366 δοκέειν
285 3307 356 3382 ἐμοὶ,
370 3306 416 3364 καὶ
429 3303 509 3369 οὗτος
518 3305 651 3384 ὑπεριδών
659 3308 764 3380 Ἴωνας,
776 3309 870 3386 ἵναμή
880 3316 969 3386 σφισι

11 3407 82 3484 ἱ
