2276 3538
199 154 246 207 176
506 159 686 211 ἨΡΟΔΟΤΟΤ
913 158 990 219 [VII.

194 287 196 290 ¹
243 237 327 293 μοῦνον
337 237 472 298 ἀπόρθητον
483 243 597 302 τελέθειν,
610 244 638 290 τὸ
650 242 678 289 σὲ
689 239 761 288 τέκνα
772 239 796 287 τ’
806 241 892 299 ὀνήσει.

243 309 304 366 μηδὲ
315 310 380 370 σύγ’
392 313 525 372 ἱπποσύνην
536 333 563 361 τε
574 317 651 374 μένειν
662 314 702 361 καί
714 315 784 372 πεζόν
796 314 862 360 ίόντα

244 382 336 428 πολλόν
347 383 388 430 ἀπ’
398 385 495 446 ἠπείρου
506 389 610 448 στρατόν
620 386 717 447 ἥσυχος,
729 384 784 432 ἀλλ’
796 385 927 448 ὑποχωρεῖν

243 453 317 500 νῶτον
328 455 483 518 ἐπιστρέψας·
504 459 539 505 ότι
548 476 584 505 τοι
597 459 652 508 κοτὲ
662 459 755 506 κάντίος
767 458 835 518 ἔσση.

243 523 263 570 ὦ
274 526 326 584 θείη
338 529 454 587 Σαλαμίς,
469 530 567 578 ἀπολεῖς
579 533 604 578 δέ
615 532 646 579 σὺ
657 531 729 579 τέκνα
739 531 864 590 γυναικῶν,

242 595 260 654 ἤ
270 613 316 644 που
327 601 480 659 σκιδναμένης
491 603 635 663 Δημήτερος,
650 603 665 662 ἡ
677 605 806 661 συνιούσης.

148 700 204 758 142
213 703 307 762 Ταῦτά
320 711 376 780 σφι
388 705 528 784 ἠπιώτερα
540 706 595 788 γάρ
613 711 668 766 τῶν
680 707 820 784 προτέρων
838 708 884 766 καὶ
896 705 931 783 ἦν
945 707 990 764 καὶ

193 789 284 849 ε’δόκεε
306 792 382 866 εἶναι,
402 793 632 874 συγγραψάμενοι
649 794 873 854 α’παλλάσσοντο
895 801 921 858 ές
941 794 991 856 τῶς

193 875 320 953 Ἀθήνας·
345 880 380 943 ῶς
400 881 430 940 δὲ
449 881 618 946 ἀπελθόντες
635 887 661 942 οἱ
678 883 829 960 θεοπρόποι
848 882 990 964 όττήγγελκ

191 967 244 1023 λον
257 970 284 1028 ἐς
296 966 345 1026 τόν
358 969 454 1046 δῆμον,
467 974 574 1050 γνῶμαι
588 972 634 1030 καὶ
646 970 734 1030 ἄλλοι
746 971 853 1030 πολλοὶ
867 973 989 1052 ἐγίνοντο

191 1051 340 1130 διζημένων
352 1056 385 1116 τό
397 1059 539 1134 μαντήϊον,
551 1059 597 1117 καὶ
607 1059 666 1118 οἶδε
676 1062 873 1134 συνεστηκυῖαι
885 1058 989 1136 μάλισ-

190 1167 235 1201 τα·
249 1147 304 1203 τῶν
316 1148 514 1224 πρεσβυτέρων
525 1149 622 1229 ἔλεγον
630 1148 809 1224 μετεξέτεροι,
821 1147 924 1208 δοκέειν
932 1156 989 1225 σφι

189 1230 239 1291 τόν
252 1233 316 1294 θεῶν
330 1234 382 1310 τήν
399 1234 553 1313 α’κρόπολιν
570 1241 676 1314 χρῆσαι
695 1236 885 1313 περιέσεσθαι·
902 1235 987 1318 ήγιῖρ

190 1319 342 1398 οἷκράπολις
357 1323 390 1383 τῶ
406 1323 496 1383 πάλαι
512 1328 567 1383 τῶν
579 1323 716 1399 Ἀθηνέων
728 1327 805 1402 ῥηχῷ
819 1324 986 1401 ἐπέφρακτο·

190 1412 217 1468 οἱ
228 1413 281 1487 μὲν
294 1411 328 1488 δή
341 1411 412 1471 κατὰ
423 1412 473 1472 πόν
486 1411 618 1493 φραγμὸν
633 1411 846 1486 συνεβάλλοντο
859 1416 941 1472 τοῦτο
953 1413 986 1472 τό

192 1499 304 1568 ξύλινον
321 1505 413 1579 τεῖχος
434 1500 513 1560 εἶναι·
537 1505 563 1559 οἱ
583 1499 606 1558 δ’
628 1498 662 1560 αὖ
679 1501 777 1581 ἔλεγον
791 1500 841 1564 τὰς
856 1501 918 1564 νέοις
935 1527 986 1580 ση-

189 1588 295 1662 μαίνειν
308 1587 358 1648 τόν
376 1587 446 1658 θεῶν,
462 1588 507 1646 καὶ
520 1587 621 1650 ταύτας
634 1589 841 1664 παραρτέεσθαι
859 1591 987 1652 ε’κέλευον

189 1673 224 1733 τῶ
242 1673 319 1734 ἅλλα
336 1674 463 1740 ἀπέντας.
504 1674 571 1739 τοῶς
589 1675 626 1735 ῶν
646 1675 679 1752 δή
700 1676 750 1738 πῶς
771 1676 832 1737 νέος
852 1677 987 1757 λέγοντας

142 1811 145 1820 ,
189 1763 258 1823 εἶναι
270 1763 303 1823 τὸ
317 1763 429 1834 ξύλινον
441 1767 533 1844 τεῖχος
546 1766 675 1840 ἔσφαλλε
688 1763 723 1824 τό
737 1762 785 1823 δύο
795 1761 830 1824 τά
840 1768 986 1824 τελευταῖα

187 1851 307 1928 ῥηθέντα
320 1850 374 1911 find
387 1855 437 1927 τῆς
451 1853 567 1928 Πυθίης·

236 1975 257 2023 ιί
266 1976 318 2035 θείη
329 1976 445 2035 Σαλαμίς,
461 1976 558 2025 ἀπολεῖς
567 1978 592 2024 δέ
604 1977 634 2024 σιί
645 1977 717 2024 τέκνα
727 1975 852 2036 γυναικῶν,

237 2048 253 2108 ή
264 2066 310 2097 που
319 2049 472 2107 σκιδναμένης
483 2051 621 2110 Δημήτερος
632 2048 648 2107 ἢ
659 2050 790 2107 συνιούσης.

186 2156 257 2216 κατὰ
281 2161 369 2218 ταῦτα
394 2155 429 2216 τά
456 2157 522 2216 ἔπεα
552 2157 717 2234 συνεχέοντο
743 2157 773 2213 αἶ
798 2159 905 2235 γνῶμαι
930 2161 985 2216 τῶν

186 2247 317 2322 φαμένων
336 2245 387 2308 πῶς
406 2246 468 2307 νέος
487 2243 521 2304 τό
542 2242 654 2313 ξύλινον
670 2245 763 2322 τεῖχος
781 2242 859 2302 εἶναι·
885 2246 911 2302 οἱ
928 2244 984 2324 γάρ

184 2334 383 2416 χρησμολόγοι
399 2332 486 2411 ταύτῃ
503 2336 591 2391 ταῦτα
609 2329 779 2407 ἐλάμβανον,
794 2330 829 2394 ῶς
841 2330 916 2407 ἀμφὶ
930 2334 984 2395 Σα-

185 2426 291 2498 λαμῖνα
304 2423 346 2481 δεῖ
358 2422 450 2496 σφέας
463 2421 630 2495 ἑσσωθῆναι,
643 2419 799 2498 ναυμαχίην
808 2445 983 2496 παρασκευα-

139 2511 195 2568 113
205 2511 351 2585 σομένους.
378 2508 439 2567 Ἠν
452 2508 481 2566 δὲ
497 2511 551 2566 τῶν
568 2533 609 2570 τις
621 2506 775 2582 Ἀθηναίων
788 2505 857 2584 α’νήρ
872 2513 898 2570 ές
911 2507 982 2584 πριό-

183 2623 248 2659 τους
274 2597 374 2660 νεωστὶ
400 2594 513 2672 παριῶν,
542 2598 580 2673 τῷ
606 2592 711 2671 οὔνομα
734 2597 786 2671 μὲν
809 2596 856 2670 ἔην
878 2601 983 2670 Θεμισ-

180 2685 307 2759 τοκλέης,
329 2687 394 2746 ταῖς
415 2683 444 2742 δὲ
468 2682 610 2745 Νεοκλέος
635 2683 774 2742 ἐκαλέετο·
801 2679 882 2745 οὗτος
909 2680 982 2761 ῶνήρ

184 2771 235 2830 οὐκ
256 2773 311 2847 ἔφη
331 2775 388 2830 ιτιῖν
408 2770 496 2848 ὀρθῶς
516 2770 580 2832 τούς
605 2771 823 2852 χρησμολόγους
849 2773 981 2849 συμβάλ-
1045 2810 1050 2824 ι
1127 2795 1128 2802 ’

182 2862 293 2931 λεσθοι,
307 2851 397 2942 λέγων
409 2859 511 2919 τοιάδε·
526 2863 550 2918 εἰ
559 2864 587 2922 ές
598 2857 762 2934 Ἀθηναίους
776 2859 834 2938 εἶχε
846 2859 879 2920 τῶ
893 2859 983 2926 πάθος

184 2950 325 3026 εἰρημένον
347 2947 452 3018 ἐόντως,
475 2945 525 3007 οῶκ
538 2945 581 3006 Ἰδιν
605 2945 675 3006 οὕτω
696 2973 745 3023 μιν
769 2948 872 3008 δοκέειν
895 2947 982 3025 ήπίως

181 3039 349 3117 χρησθῆναι,
363 3035 440 3096 ἀλλὰ
455 3032 514 3093 ῶδε·
533 3033 554 3093 ὦ
567 3034 688 3113 σχετλίη
699 3037 835 3110 Σαλαμίς·
857 3036 918 3096 α’ντὶ
931 3043 982 3096 τοῦ

183 3126 204 3184 ῶ
215 3126 275 3202 θείη
290 3125 425 3200 Σαλαμίς·
447 3124 523 3199 εἴπερ
535 3149 569 3203 γε
582 3124 702 3198 ἔμελλον
716 3125 742 3181 οἶ
756 3124 896 3201 οἰκήτορες
909 3124 981 3201 ἀμφ’

182 3214 253 3292 αὐτῇ
272 3213 458 3288 τελευτήσειν·
479 3211 555 3270 άλλιὶ
574 3210 629 3290 γὰρ
648 3214 676 3272 ές
692 3210 756 3273 τοῦς
773 3213 926 3287 πολεμίους
943 3217 982 3290 τῷ

182 3304 235 3381 θεῷ
256 3303 384 3379 εἰρῆσθαι
403 3299 436 3360 τό
456 3298 635 3378 χρηστήριον,
653 3297 888 3374 συλλαμβάνοντι
908 3313 980 3358 κατα
