2268 3536
170 175 279 240 16-19]
409 196 412 201 -
477 172 681 224 συνοικονυ.
960 173 974 224 τ

170 256 323 331 μέταλλον,
338 257 369 328 ἐξ
382 255 415 318 οὗ
428 257 548 332 ὕστερον
566 253 671 314 τούτων
685 252 824 314 τάλαντον
843 250 976 332 ἀργυρίου

165 342 345 425 ’Ἀλεξάνδρῳ
371 346 477 424 ἡμέρης
507 341 627 421 ἑκάστης
645 342 754 416 ἐφοίτα·
788 340 860 417 μετά
886 340 915 399 δέ
942 339 975 400 τό

166 433 323 508 μέταλλον,
352 435 490 512 Δύσωρον
517 429 687 506 καλεόμενον
708 428 788 505 οὖρος
808 428 973 505 ὑπερβάντα

172 519 242 580 εἶναι
259 525 288 581 ἐν
304 523 474 602 Μακεδονίῃ.
517 523 554 580 Οἱ
574 517 611 578 ὧν
628 520 740 594 Πέρσαι
757 520 783 576 οἶ
801 518 975 593 πεμφθέντες
985 517 1022 575 18

172 607 250 670 οὗτοι
273 610 350 688 παρὰ
370 611 421 671 τόν
440 609 580 689 Ἀμύντην
597 605 633 668 οἷς
651 605 794 675 ἀπίκοντο,
815 607 907 664 αἴτεον
928 610 971 664 ε’λ-

173 697 268 761 θόντες
287 704 314 763 ἐς
337 698 403 777 ὄψιν
425 699 477 775 την
497 697 638 774 Ἀμύντεω
657 695 765 774 Δαρείιρ
782 693 903 769 βασιλέϊ
921 697 975 773 γῆν

172 813 203 844 τε
214 787 260 845 καὶ
271 785 352 864 ὕδωρ·
372 787 428 848 ὅδὲ
441 786 572 848 ταῦτάτε
586 784 685 853 ἐδίδου,
699 783 748 842 καί
758 789 851 858 σφεας
865 782 910 842 ἐπὶ
923 783 975 851 ξεί-

173 901 218 934 νια
238 876 341 934 καλέει·
365 873 652 952 παρασκευασάμενος
673 873 703 932 δὲ
723 873 834 932 δεῖπνον
853 875 974 951 μεγαλο-

175 965 283 1037 πρεπὲς,
305 964 413 1024 ἐδέκετο
432 963 497 1027 τούς
518 963 634 1039 Πέρσας
655 959 843 1037 φιλοφρόνως.
887 957 922 1021 οἷς
945 958 975 1018 δέ

174 1049 229 1108 ἀπὸ
248 1051 359 1111 δείπνου
378 1053 514 1132 ἐγένοντο,
530 1051 702 1112 διαπίνοντες
719 1049 800 1108 εἶπαν
817 1051 844 1107 οἱ
863 1048 976 1124 Πέρσαι

175 1136 250 1196 τάδε·
271 1149 288 1174 “
297 1140 368 1207 ξεῖνε
386 1139 531 1209 Μακεδὼν,
545 1137 613 1215 ἡμῖν
631 1137 715 1213 νόμος
732 1137 793 1196 ἐστὶ
805 1139 882 1196 τοῖσι
902 1136 973 1213 Πέρ-

177 1249 256 1300 σησι,
271 1227 352 1284 ἐπεὰν
366 1227 475 1286 δεῖπνον
488 1226 683 1302 προτιθώμεθα
696 1225 777 1305 μέγα,
791 1224 854 1284 τότε
867 1225 914 1283 καὶ
926 1223 976 1286 τάς

179 1312 325 1376 παλλακὰς
339 1314 384 1372 καὶ
397 1313 446 1376 τοὶς
457 1313 593 1388 κουριδίας
600 1316 730 1392 γυναῖκας
743 1313 898 1392 ἐσάγεσθαι
914 1337 983 1389 παρ·

177 1401 281 1477 έδρους·
322 1400 360 1462 σύ
377 1427 432 1471 νυν,
452 1402 566 1476 ἐπείπερ
582 1399 731 1476 προθύμως
747 1402 798 1476 μὲν
817 1400 911 1469 ἐδέξαο
927 1425 975 1476 με·

175 1487 268 1567 γάλως
281 1489 310 1548 δὲ
322 1490 452 1560 ξεινίζεις,
467 1489 552 1552 διδοῖς
563 1515 593 1548 τε
606 1488 728 1564 βασιλέϊ
745 1489 853 1568 Δαρείῳ
871 1491 926 1570 γῆν
942 1515 974 1549 τε

175 1578 221 1634 καὶ
233 1577 312 1654 ὕδωρ,
328 1579 393 1640 ἕπεο
411 1577 486 1656 νόμῳ
502 1581 541 1656 τῷ
553 1574 703 1656 ἠμετέρῳ·”
724 1575 784 1638 εἶπε
800 1576 870 1654 πρός
884 1581 972 1638 ταῦτα

174 1663 319 1741 Ἀμύντης·
341 1665 389 1725 “ὦ
405 1667 525 1743 Πέρσαι,
540 1664 624 1742 νόμος
639 1668 692 1742 μὲν
707 1665 775 1741 ἡμῖν
791 1666 826 1746 γέ
842 1670 905 1726 ἐστι
923 1664 974 1726 ούκ

175 1751 361 1823 οὗτοςάλλά
383 1755 552 1833 κεχωρίσθαι
572 1752 672 1829 ἀνδρας
691 1758 837 1834 γυναικῶν·
863 1755 926 1814 ἐπεί
942 1779 974 1814 τε

174 1842 205 1902 δὲ
216 1841 295 1918 ύμεῖς
309 1842 399 1905 ἐόντες
409 1842 545 1905 δεσπόται
555 1841 750 1920 προσχρῄζετε
762 1844 890 1912 τουτέων,
903 1868 973 1918 παρ-

175 1931 255 2007 έσται
274 1931 340 2007 ύμῖν
359 1931 404 1989 καὶ
421 1929 534 1990 ταῦτα.”
559 1931 637 1993 εἶπας
652 1936 781 1990 τοσαῦτα
801 1930 817 1990 ὁ
835 1929 974 2007 Ἀμύντης

173 2019 365 2095 μετεπέμπετο
374 2018 424 2082 τάς
441 2023 581 2099 γυναῖκας·
606 2021 635 2077 αἱ
649 2017 672 2078 δ’
686 2021 749 2078 ἐπεί
757 2045 789 2079 τε
807 2017 974 2095 καλεόμεναι

173 2105 270 2182 ἦλθον,
284 2107 383 2183 ἐπεξῆς
396 2105 486 2168 ἀντίαι
500 2107 591 2178 ἵζοντο
603 2111 680 2166 τοῖσι
694 2109 837 2185 Πέρσησι·
855 2107 974 2166 ἐνθαῦτα

174 2198 201 2254 οἱ
211 2196 321 2272 Πέρσαι
336 2195 457 2271 ἰδόμενοι
469 2198 601 2276 γυναῖκας
615 2193 781 2269 εὐμόρφους,
796 2196 894 2273 ἔλεγον
902 2194 973 2268 πρδς

174 2280 311 2359 Ἀμύντην
334 2283 456 2359 φάμενοι
478 2282 537 2342 “τδ
560 2283 676 2356 ποιηθὲν
698 2285 781 2340 τοῦτο
806 2280 884 2340 οὐδὲν
904 2281 973 2341 εἶναι

174 2371 277 2445 σοφόν·
299 2372 423 2448 κρέσσον
442 2369 498 2451 γάρ
519 2369 588 2430 εἶναι
608 2368 731 2448 ἀρχῆθεν
751 2369 790 2446 μὴ
812 2370 904 2430 ἐλθεῖν
924 2371 974 2436 τὰς

175 2463 311 2534 γυναῖκας,
331 2458 350 2535 ἢ
371 2457 511 2522 ἐλθούσας
531 2459 577 2518 καὶ
600 2457 641 2534 μη
667 2459 852 2536 παριζομένας
879 2459 973 2526 ἀντίας

174 2547 282 2617 ἵζεσθαι
295 2547 453 2628 ἀλγηδόνας
471 2553 528 2623 σφι
545 2546 728 2624 ἀφθαλμῶν·”
750 2547 972 2629 ἀναγκαζόμενος

173 2634 232 2694 δέό
248 2635 385 2711 Ἀμύντης
400 2637 508 2696 ἐκέλευε
518 2637 651 2714 παρίζειν·
672 2637 857 2712 πειθομενέων
870 2638 900 2696 δέ
917 2643 973 2698 τῶν

171 2728 316 2803 γυναικῶν,
331 2723 429 2782 αὐτίκα
442 2727 468 2784 οἱ
483 2725 594 2800 Πέρσαι
606 2728 723 2800 μαστῶν
738 2751 769 2784 τε
782 2723 913 2796 ἅπτοντο,
928 2727 973 2786 οἶα

171 2811 295 2874 πλεόνως
308 2814 458 2887 οἰνωμένοι,
474 2812 522 2870 καί
533 2839 582 2872 κου
594 2837 636 2874 τις
650 2812 695 2870 καὶ
710 2814 818 2887 φιλέειν
832 2819 970 2890 ἐπειρᾶτο·

171 2897 309 2974 Ἀμύντης
324 2902 375 2976 μέν
394 2900 427 2975 δὴ
445 2904 533 2959 ταῦτα
551 2899 636 2976 ἀρέων
649 2899 770 2977 ἀτρέμας
788 2901 846 2980 εἶχε
860 2903 909 2960 καί
919 2929 971 2978 περ
983 2905 1020 2960 19

172 2985 343 3063 δυσφορέων,
359 2987 404 3046 οἶα
416 2988 632 3065 ὑπερδειμαίνων
650 2987 716 3051 τούς
730 2990 855 3066 Πέρσας·
876 2988 972 3060 Ἀλέξ-

171 3073 270 3152 ανδρος
280 3075 309 3134 δέ
319 3074 335 3134 ό
346 3073 486 3151 Ἀμύντεω
496 3075 606 3152 παρεόν
615 3101 646 3136 τε
660 3077 708 3134 καὶ
720 3075 804 3152 ὁρέων
814 3079 909 3144 ταῦτα,
924 3075 973 3136 ἅτε

172 3163 232 3225 νέος
244 3189 275 3222 τε
288 3163 339 3222 ἐῶν
353 3164 398 3220 καὶ
412 3167 502 3223 κακῶν
516 3163 634 3239 ἀπαθής,
654 3162 780 3237 ούδαμῶς
794 3164 833 3218 ἔτι
847 3163 973 3240 κατέχειν

171 3250 229 3314 οἶός
241 3277 272 3310 τε
282 3250 326 3327 ἦν·
342 3250 414 3310 ὥστε
424 3251 454 3310 δὲ
462 3250 572 3327 βαρέως
583 3252 675 3326 φέρων
686 3248 746 3305 εἶπε
756 3246 825 3321 πρδς
834 3245 973 3319 Ἀμύντεα

160 3338 246 3400 Νίδε·
268 3338 331 3398 “m‘'
351 3341 410 3415 μὲν,
432 3337 453 3396 ὦ
473 3339 570 3414 πάτερ,
592 3337 647 3394 εἶκε
668 3337 704 3409 τῇ
723 3331 927 3408 ἤλικίῃ,ἇπιυίν
940 3357 973 3403 Ιτε
