2268 3536
143 182 266 247 ,το-ιο]
456 182 657 229 υοννιιιονιι.
927 177 957 223 25

156 291 206 324 νυν
233 261 297 342 ὄψις
323 267 373 323 τοῦ
395 263 551 340 Ἱππάρχου
573 262 699 322 ἐνυπνίου
719 259 754 336 ἦν
773 259 831 336 ἥδε·
873 263 903 318 ἐν
921 260 957 336 τῇ

155 353 280 431 προτέρῃ
294 353 369 412 νυκτὶ
382 356 437 412 τῶν
455 351 658 427 Παναθηναίων
672 349 763 408 ἐδόκεε
776 347 959 426 όἿππαρχος
981 341 983 346 ’

156 439 243 516 ἄνδρα
264 444 290 500 οἱ
311 440 463 500 ἐπιστάντα
480 441 570 521 μέγαν
587 439 634 498 καὶ
654 437 758 496 εὐειδέα
776 436 957 496 αἰνίσσεσθαι

153 528 223 588 τάδε
233 529 268 588 τά
282 531 357 588 ἔπεα·

254 635 330 693 Γλῆθι
348 636 409 682 λέων
428 634 526 692 ἄτλητα
543 635 626 681 παθὼν
642 633 756 691 τετληότι
772 630 846 691 θυμῷ·

255 709 328 755 οὐδεὶς
345 705 474 768 ἀνθρόπων
492 708 578 754 ἀδικῶν
595 708 658 754 τίσιν
674 707 716 754 οὐκ
733 705 850 755 ἀποτίσει,

153 793 302 862 τοῦτοδὲ,
323 791 360 856 οἷς
379 791 470 870 ἡμέρη
495 793 603 872 ἐγένετο
629 791 760 870 τάχιστα,
783 787 905 866 φανερός
923 785 959 864 ἦν

154 880 369 958 ὖττερτιθέμενος
389 880 606 958 ι’νειροπόλοισι·
627 878 699 956 μετά
718 879 756 950 δέ,
772 876 960 953 ἀπειπάμενος

155 969 207 1045 την
221 969 295 1048 ὄψιν,
310 971 415 1048 ἔπεμπε
428 969 480 1045 τὴν
493 969 610 1045 πομπὴν
624 975 652 1028 ἐν
665 972 702 1046 τῇ
715 967 748 1043 δη
762 970 888 1045 τελευτᾷ.

198 1061 236 1116 Οἱ
245 1059 273 1116 δὲ
281 1063 443 1135 Γεφυραῖοι,
454 1061 509 1117 τῶν
522 1056 596 1132 ἦσαν
610 1061 636 1116 οἱ
651 1057 749 1133 φονέες
759 1059 786 1115 οἱ
795 1053 959 1133 Ἱππάρχου,

158 1143 195 1205 οἷς
215 1147 266 1218 μὲν
285 1143 363 1203 οὗτοὶ
379 1147 505 1224 λέγουσι,
521 1145 687 1226 ἐγεγόνεσαν
704 1144 734 1212 ἐξ
749 1142 891 1219 Ἐρετρίης
908 1141 1007 1217 την57

158 1228 260 1308 άρχήν·
302 1231 337 1292 ὥς
355 1232 384 1290 δέ
402 1232 456 1310 ἐγολ
472 1230 729 1306 ἀναπυνθανόμενος
747 1230 873 1307 εὑρίσκω,
886 1229 961 1304 ἦσαν

158 1318 287 1381 Φοίνικες
306 1323 360 1377 τῶν
380 1317 434 1377 σόν
455 1317 562 1396 Κάδμῳ
583 1317 755 1393 ἀπικομένων
782 1318 914 1376 Φοινίκων
935 1323 962 1380 ἐς

155 1409 214 1486 γῆν
235 1406 287 1482 την
311 1411 359 1466 νῦν
383 1405 519 1482 Βοιωτίην
540 1406 719 1482 καλεομένην·
752 1406 841 1465 οἴκεον
862 1404 891 1464 δέ
912 1410 961 1481 τῆς

155 1494 251 1574 χώρης
265 1494 367 1572 ταύτης
382 1493 576 1574 ἀπολαχόντες
594 1493 646 1570 την
663 1493 838 1573 Ταναγρικὴν
849 1497 960 1572 μοῖραν·

156 1585 282 1643 ἐνθεῦτεν
302 1584 332 1643 δὲ
353 1583 500 1660 Καδμείων
520 1583 655 1661 πρότερον
680 1582 887 1653 ἐξαναστάντων
914 1581 960 1642 ὕπ’

154 1665 297 1753 Ἀργείων,
312 1675 338 1731 οἶ
358 1676 511 1748 Γεφυραῖοι
532 1669 608 1731 οὗτοι
630 1671 742 1749 δεύτερα
758 1670 813 1730 ότι-ό
833 1677 961 1731 Βοιωτῶν

156 1759 359 1828 ἐξαναστάντες
377 1759 529 1837 ἐτράποντο
544 1759 585 1818 ἐπ’
602 1759 748 1836 Ἀθηνέων·
768 1758 912 1834 Ἀθηναῖοι
930 1759 962 1819 δέ

155 1853 251 1921 σφεας
270 1848 316 1906 ἐπὶ
332 1852 444 1925 ῥητοῖσι
463 1848 591 1917 ἐδέξαντο
606 1849 702 1923 σφέων
715 1847 804 1907 αὐτῶν
823 1846 892 1905 εἶναι
910 1873 960 1906 πο-

154 1935 263 2010 λιήτας,
280 1940 396 1995 πολλῶν
415 1936 484 1996 τέων
505 1937 550 1994 καὶ
567 1937 616 1995 οὐκ
635 1934 831 2016 ἀξιαπηγήτων
851 1935 960 2004 ἐπιτάξ-

156 2049 236 2087 αντες
250 2025 390 2104 ἔργεσθαι.
421 2027 458 2083 Οἶ
472 2024 501 2083 δέ
515 2026 638 2086 Φοίνικες
652 2023 728 2084 οὗτοι
742 2027 769 2083 οἱ
782 2023 836 2082 σόν
853 2022 959 2102 Κάδμῳ
968 2026 1007 2083 58

155 2108 329 2188 άπικόμενοι,
343 2116 398 2172 τῶν
415 2111 490 2188 ἦσαν
509 2115 535 2171 οἱ
553 2117 720 2191 Γεφυραῖοι,
730 2110 807 2170 ἄλλα
819 2136 850 2170 τε
862 2110 961 2169 πολλά

155 2199 319 2274 αι’κὴσαντες
337 2199 440 2276 ταύτην
458 2200 509 2274 την
527 2199 620 2278 χώρην
635 2199 776 2279 ἐσήγαγον
790 2197 958 2257 διδασκάλια

155 2289 185 2348 ἔς
204 2285 271 2351 τούς
283 2287 435 2363 Ἕλληνας,
454 2289 501 2346 καὶ
516 2287 550 2362 δὴ
570 2288 615 2344 καὶ
631 2286 792 2367 γράμματα,
811 2284 860 2344 ουκ
879 2285 961 2346 ἐόντα

155 2374 222 2450 πρὶν
230 2374 366 2451 Ἕλλησι,
382 2374 417 2438 ιός
430 2375 493 2452 ἐμοὶ
507 2374 620 2433 δοκέειν·
641 2377 737 2451 πρῶτα
750 2375 810 2450 μέν,
824 2377 900 2434 τοῖσι
915 2377 960 2435 καὶ

154 2461 276 2526 ἅπαντες
288 2465 423 2543 χρέωνται
436 2463 569 2526 Φοίνικες·
585 2463 656 2539 μετά
670 2464 706 2534 δὲ,
721 2461 824 2542 χρόνου
840 2466 960 2541 προβαί·

156 2577 260 2624 νοντος,
276 2551 334 2628 ἅμα
347 2555 383 2630 τῇ
396 2555 477 2631 φωνῇ
490 2552 651 2629 μετέβαλον
665 2553 711 2611 καὶ
723 2552 773 2612 τόν
785 2552 893 2630 ῥυθμόν
905 2557 960 2613 τῶν

156 2639 336 2718 γραμμάτων.
373 2641 528 2715 περιοίκεον
551 2641 582 2699 δέ
605 2648 697 2716 σφεας
720 2639 756 2700 τά
782 2640 880 2700 πολλά
904 2645 959 2700 τῶν

155 2725 253 2804 χοίρων
260 2731 360 2788 τοῦτον
369 2727 418 2786 τόν
425 2727 527 2806 χρόνον
534 2727 679 2804 Ἑλλήνων
684 2727 786 2791 Ἴωνες·
798 2728 824 2787 οἳ
833 2734 958 2806 παραλα-

155 2813 257 2889 βόντες
284 2815 383 2894 διδαχῇ
407 2816 484 2893 παρὰ
506 2821 561 2876 τῶν
581 2818 714 2877 Φοινίκων
737 2816 778 2882 τά,
797 2816 958 2898 γράμματα,

154 2904 430 2980 μεταρρυθμίσαντές
443 2910 540 2980 σφεων
550 2904 635 2985 ὀλίγα
645 2906 789 2984 ἐχρέωντο·
806 2905 959 2984 χρεώμενοι

153 2989 186 3048 δέ
205 2991 352 3066 ἐφάτισαν,
370 2991 464 3068 ὥσπερ
479 2993 524 3051 καὶ
537 2990 570 3052 τό
585 2992 691 3052 δίκαιον
704 2995 786 3070 ἔφερε
805 2991 958 3071 ἐσαγαγόν-

154 3103 211 3136 των
227 3080 359 3138 Φοινίκων
374 3085 401 3142 ἐς
419 3080 470 3155 τὴν
482 3079 617 3150 Ἑλλάδα,
632 3080 778 3157 Φοινικήϊα
791 3079 957 3151 κεκλῆσθαι

154 3165 203 3223 καὶ
215 3165 266 3228 τάς
278 3166 409 3242 βύβλους
419 3169 552 3246 διφθέρας
563 3169 698 3227 καλέουσι
708 3168 764 3225 άπὸ
775 3168 826 3223 τοῦ
836 3168 959 3221 παλαιοῦ

153 3256 183 3312 οἶ
192 3251 292 3323 Ἴωνες,
307 3253 350 3314 ὅτι
364 3258 427 3315 κοτὲ
442 3261 470 3315 ἐν
483 3254 571 3314 σπάνι
581 3253 703 3330 βύβλων
714 3251 848 3327 ἐχρέωντο
863 3248 958 3322 διφθέ-

152 3366 224 3420 ρῃσι
239 3343 354 3422 αἰγέησί
369 3369 400 3402 τε
422 3344 467 3400 καὶ
485 3342 586 3419 όῖέησι·
612 3340 652 3396 ἔτι
670 3337 699 3394 δὲ
716 3335 762 3393 καὶ
779 3331 813 3391 τό
831 3332 889 3390 κατ’
908 3335 957 3406 ἐμὲ
