2278 3538
195 161 242 205 206
495 155 679 204 ἨΡοΔουου
843 141 845 146 ’
912 154 990 220 [vn.

193 235 337 294 τάσκοπον
359 235 452 304 ἱππέα,
475 235 583 294 ἰδέσθαι
603 232 703 294 ὁκόσοι
725 234 758 294 τέ
781 237 837 294 εἰσι
860 235 905 294 καὶ
927 234 942 295 ὅ
964 263 992 298 τι

192 324 324 392 ποιέοιεν;
346 321 462 398 ἀκηκόεε
476 323 505 381 δὲ
519 323 558 381 ἔτι
572 322 623 380 ε’ἀν
642 328 671 381 ἐν
689 323 846 400 Θεσσαλίῃ,
862 322 897 386 ώς
910 324 992 384 ἀλισ-

191 411 261 488 μένη
283 412 324 487 εἴη
345 410 431 489 ταύτῃ
453 411 570 486 στρατιή
592 409 684 492 ὀλίγη,
707 411 753 470 καὶ
771 410 836 473 τοδς
853 409 992 491 ἡγεμόνας

192 498 228 561 οἷς
242 499 340 575 εἴησαν
358 499 574 574 Λακεδαιμόνιοί
589 525 620 557 τε
638 500 684 558 καὶ
698 497 836 574 Λεωνίδης
850 499 901 558 ε’(δν
913 501 992 579 γένος

191 587 383 663 Ἡρακλείδης·
416 585 452 650 οἷς
472 587 501 644 δὲ
521 588 686 664 προσέλασε
707 585 723 646 ὀ
744 586 843 650 ἱππεύς
868 587 939 664 πρός
958 590 991 648 τὰ

192 675 391 752 στρατόπεδον,
411 673 517 750 ε’θηεῖτό
535 700 566 734 τε
584 674 629 732 καὶ
648 672 758 751 κατώρα
773 677 830 734 τάν
847 677 898 751 μὲν
912 675 944 734 οὗ
957 677 990 736 τό

191 764 392 840 στρατόπεδον·
404 762 470 825 τούς
478 763 533 843 γάρ
547 764 602 822 ἔσω
614 763 798 843 τεταγμένους
810 768 861 821 τοῦ
874 764 989 842 τείχεος,

189 851 222 911 τό
246 850 453 927 ἀνορθώσαντες
474 851 551 929 εἶχον
572 856 600 910 ἓν
621 854 744 928 φυλακῇ,
767 849 817 909 οὐκ
839 851 886 910 οἶά
905 878 936 911 τε
956 852 991 927 ἦν

145 1013 149 1022 .
178 937 362 998 κατιδέσθαι·
384 939 400 998 ὀ
421 939 451 997 δὲ
467 939 531 1002 τούς
550 940 600 1008 ἔξω
623 939 757 1014 ἐμάνθανε
779 942 856 998 τοῖσι
872 939 927 1015 πρό
940 944 990 998 τοῦ

188 1028 294 1105 τείχεος
306 1026 342 1086 τά
356 1027 432 1087 ὅπλα
446 1027 542 1086 ἔκειτο·
564 1029 662 1106 ἔτυχον
675 1026 705 1085 δὲ
717 1029 816 1085 τοῦτον
826 1026 876 1086 τάν
888 1027 990 1104 χρόνον

188 1115 400 1191 Λακεδαιμόνιοι
428 1116 478 1186 ἔξω
504 1115 676 1195 τεταγμένοι·
710 1115 776 1176 τούς
797 1117 849 1190 μὲν
872 1114 906 1190 δὴ
932 1115 990 1193 ὥρα

188 1202 410 1285 γυμναζομένους
422 1209 477 1264 τῶν
491 1203 604 1281 ἀνδρῶν,
619 1203 687 1266 τούς.
696 1203 726 1262 δέ
738 1201 789 1266 τάς
803 1202 890 1280 κόμας
904 1231 989 1265 κτενι-

188 1295 326 1369 ζομένους·
340 1299 428 1353 ταῦτα
439 1293 472 1368 δὴ
484 1292 618 1370 θεώμενος
628 1291 759 1370 ἐθώμαζε,
774 1292 820 1350 καὶ
832 1291 865 1351 τά
878 1295 989 1368 πλῆθος

188 1380 331 1457 ἐμάνθανε,
345 1381 442 1457 μαθών
456 1381 485 1440 δὲ
499 1379 589 1439 πάντα
600 1379 732 1458 ἀτρεκέως
742 1378 887 1455 ἀπήλαυνε
897 1379 988 1440 ὀπίσω

188 1467 246 1528 κατ’
265 1468 395 1546 ἡσυχίην·
418 1467 480 1528 οὔτε
493 1467 548 1549 γάρ
561 1495 603 1530 τις
620 1469 712 1526 ἐδίωκε
726 1465 843 1548 ἀλογίης
855 1493 886 1526 τε
900 1470 988 1528 ε’νεκύ-

186 1582 257 1632 ρησε
271 1560 391 1631 πολλῆς·
414 1556 545 1614 ἀπελθών
559 1557 588 1614 δὲ
602 1558 682 1635 ἔλεγε
695 1555 766 1631 πρός
781 1556 886 1632 Ξέρξεα
898 1556 988 1635 τάπερ

138 1645 196 1702 209
210 1643 319 1702 ὀπώπεε
334 1644 435 1704 πάντα.
464 1642 586 1702 Ἀκούων
604 1643 634 1701 δὲ
652 1644 757 1719 Ξέρξης
774 1643 824 1702 οὐκ
840 1644 898 1722 εἶχε
916 1671 988 1721 συμ-

185 1731 329 1806 βαλέσθαι
343 1731 376 1790 τό
388 1731 440 1805 ε’ὀν,
457 1731 500 1792 ὅτι
513 1731 769 1808 παρασκευάζοιντο
784 1731 819 1794 ώς
832 1731 986 1809 ἀπολεόμε-

186 1819 231 1878 νοί
248 1845 279 1878 τε
302 1820 346 1878 καὶ
371 1819 538 1882 ἀπολέοντες
566 1819 635 1878 κατά
663 1819 785 1897 δύναμιν·
821 1819 887 1879 ἀλλ’
914 1821 988 1902 αὐτῷ

172 1909 283 1988 Ιγελοῖα
296 1908 351 1989 γάρ
367 1909 513 1984 ἐφαίνοντο
524 1909 634 1979 ποιέειν,
645 1909 843 1986 μετεπέμψατο
854 1909 986 1986 Δημάρη-

179 2005 234 2057 ’τον
246 1996 296 2057 τόν
308 1995 476 2075 Ἀρίστωνος
490 1997 571 2057 ε’όντα
585 2002 614 2056 έν
626 2001 665 2075 τῷ
678 1997 867 2076 στρατοπέδῳ·
890 1997 986 2058 ἀπικό·

178 2111 267 2162 έμενον
288 2085 319 2144 δέ
337 2111 386 2163 μιν
403 2086 500 2163 εἰρώτα
516 2086 621 2162 Ξέρξης
639 2086 743 2144 ἕκαστα
756 2084 868 2155 τούτων,
884 2087 987 2147 ε’θέλων

184 2175 298 2250 μαθέειν
317 2174 350 2234 τά
371 2175 535 2251 ποιεόμενον
550 2173 620 2250 πρός
637 2177 692 2233 τῶν
709 2173 942 2251 Λακεδαιμονίων·
969 2175 986 2234 ὀ

184 2263 213 2320 δὲ
241 2263 309 2322 εἶπε·
345 2272 363 2299 “
371 2262 493 2338 ἤκουσας
521 2264 574 2338 μέν
601 2289 653 2338 μευ
681 2262 726 2320 καὶ
753 2261 896 2338 πρότερον,
925 2261 986 2322 εὖτε

184 2349 312 2426 ὁρμῶμεν
327 2351 372 2408 ε’πὶ
385 2351 436 2425 τὴν
448 2349 584 2419 Ἑλλάδα,
598 2351 662 2428 περὶ
679 2354 735 2410 τῶν
753 2349 858 2426 ἀνδρῶν
871 2350 984 2410 τούτων·

187 2437 309 2500 ἀκούσας
329 2437 366 2508 δὲ,
387 2436 497 2517 γέλωτά
516 2463 553 2513 με
575 2438 635 2496 ἔθευ
655 2439 775 2519 λέγοντα
796 2438 884 2515 τάπερ
910 2439 986 2514 ώρων

185 2523 365 2600 ἐκβησόμενα
375 2524 528 2606 πρήγματα
538 2531 634 2585 ταῦτα·
651 2528 712 2602 ε’μοὶ
721 2525 776 2606 γάρ
786 2525 838 2601 τήν
848 2526 986 2602 ἀληθηίην

183 2611 295 2672 ἀσκέειν
310 2611 390 2672 ἀντία
406 2616 466 2682 σεῦ,
485 2611 506 2670 ὦ
519 2615 653 2688 βασιλεῦ,
668 2613 742 2694 ἀγών
759 2614 894 2694 μέγιστός
914 2619 985 2673 ε’στι·

183 2698 306 2758 ἄκουσον
319 2700 348 2758 δὲ
362 2701 408 2759 καὶ
422 2704 479 2760 νῦν·
500 2704 527 2760 οἱ
546 2700 642 2778 ἅνδρες
661 2700 738 2761 οὗτοι
752 2701 885 2761 ἀπίκαται
899 2727 985 2780 μαχε-

184 2787 299 2864 σόμενοι
309 2787 377 2864 η’μῖν
387 2789 450 2866 περὶ
463 2793 513 2865 τῆς
530 2789 638 2859 ε’σόδου,
654 2791 698 2848 καὶ
712 2790 800 2850 ταύτα
809 2789 985 2866 παρασκευά-

183 2875 285 2946 ζονται·
306 2876 390 2953 νόμος
406 2876 461 2957 γάρ
480 2885 536 2953 σφι
553 2877 622 2936 οὕτω
641 2879 710 2956 έχων
729 2879 800 2938 ἐστι’·
822 2878 904 2937 ε’πεάν
916 2879 985 2955 μέλ-

183 2967 257 3023 λωσι
278 2964 439 3024 κινδυνεύειν
458 2970 494 3042 τῇ
515 2970 601 3043 ψυχῇ,
619 2967 683 3024 τότε
704 2965 754 3028 τάς
771 2965 897 3041 κεφαλάς
918 2991 984 3026 κοσ-

182 3053 304 3128 μέονται·
326 3054 444 3112 ε’πίσταο
463 3053 500 3120 δὲ,
518 3057 541 3110 εἰ
559 3051 673 3115 τούτους
689 3079 720 3112 τε
737 3055 782 3112 καὶ
795 3054 828 3112 τό
845 3053 985 3130 ὑπομένον

184 3145 213 3198 έν
241 3140 355 3218 Σπάρτη
379 3139 591 3215 καταστρέψεαι,
617 3141 677 3198 ἔστι
702 3139 779 3199 οὖδὲν
805 3140 880 3200 ἄλλο
908 3141 985 3204 ἔθνος

184 3227 333 3307 ἀνθρώπων
351 3227 383 3291 τό
403 3231 445 3299 σὲ,
459 3229 592 3304 βασιλεῦ,
607 3227 752 3303 ὑπομενέει
768 3232 864 3306 χεῖρας
877 3228 984 3288 ἀνταει-

185 3363 190 3376 .
209 3344 309 3390 ,μενον
331 3322 380 3377 νῦν
392 3316 447 3396 γάρ
461 3313 531 3386 πρός
548 3314 707 3390 βασιληίην
719 3338 751 3373 τε
764 3315 811 3371 καὶ
824 3315 985 3390 καλλίσπμ
