2276 3538
166 136 270 200 ιι-ω]
501 138 685 187 nomm.
922 139 967 186 ια

165 217 357 296 Σκάμανδρον,
371 217 403 282 ὃς
414 222 523 296 πρῶτος
535 221 668 294 ποταμῶν
682 219 744 276 ε’πεί
753 242 785 277 τε
799 222 828 276 ε’κ
842 215 966 294 Σαρδίων

166 303 334 382 ὁρμηθέντες
348 307 532 385 ἐπεχείρησαν
544 311 580 384 τῇ
594 305 655 384 ὁδῳ,
668 306 783 364 ἐπέλιπε
795 304 828 364 τὸ
841 305 962 382 ῥέεθρον,

166 392 222 450 οὐδ’
237 393 382 472 ἀπέχρησε
401 398 437 472 τῇ
458 399 578 472 στρατιῇ
595 419 625 452 τε
640 394 685 451 καὶ
697 397 774 452 τοῖσι
787 392 900 468 κτήνεσι
920 419 964 451 πι-

167 479 291 556 νόμενος·
319 482 365 539 ε’πὶ
386 487 485 541 τοῦτον
509 482 542 557 δή
566 481 615 542 τὸν
639 480 765 557 ποταμὸν
790 479 825 542 ὦς
849 479 963 538 οἷπίκετο

165 569 278 644 Ξέρξης,
288 573 316 632 ές
325 570 356 628 τό
368 570 499 646 Πριάμου
511 571 664 650 Πέργαμον
677 568 775 645 α’νέβη,
787 569 881 644 ἵμερον
895 569 964 646 ἔχων

165 655 334 730 θεήσασθαι·
364 657 534 734 θεησάμενος
562 659 591 716 δὲ
618 658 663 716 καὶ
689 657 844 733 πυθόμενος
870 657 964 716 κείνων

165 743 279 814 ἕκαστα,
293 750 328 824 τῇ
341 745 475 824 Ἀθηναίῃ
493 751 529 824 τῇ
547 746 646 805 Ἰλιάδι
668 747 749 812 έθυσε
769 747 840 821 βοῦς
860 746 962 822 χιλίας,

164 831 234 909 χοάς
244 832 273 890 δὲ
287 836 313 892 οἱ
326 833 412 914 μάγοι
425 838 501 893 τοῖσι
515 834 604 911 ἥρωσι
615 835 738 912 ε’χέαντο·
759 837 846 892 ταῦτα
860 833 889 891 δὲ
902 860 962 892 ποι-

163 921 332 995 ησαμένοισι
346 921 442 984 νυκτός
452 921 546 997 φόβος
557 928 583 985 ές
592 922 625 982 τό
640 922 829 999 στρατόπεδον
840 921 961 980 ἐνέπεσε·

164 1005 223 1082 ἅμα
241 1007 330 1088 ἡμέρη
352 1010 381 1068 δὲ
402 1009 546 1086 ε’πορεύετο
568 1011 699 1079 ἐνθεῦτεν,
714 1016 742 1068 ἐν
763 1009 895 1088 ἀριστερῇ
911 1013 963 1086 μὲν

164 1093 292 1175 α’πέργων
303 1097 437 1157 Ῥοίτειον
450 1097 534 1159 πόλιν
555 1099 600 1156 καὶ
613 1097 777 1174 Ὀφρύνειον
792 1098 837 1154 καὶ
852 1097 960 1174 Δάρδα-

165 1207 220 1252 νον,
234 1182 305 1260 ἥπερ
320 1185 353 1260 δή
367 1185 479 1264 Ἀβύδῳ
493 1185 611 1264 ὅμουρός
625 1191 693 1254 ε’στι,
709 1191 737 1244 ἐν
756 1185 831 1262 δεξιῇ
852 1185 881 1242 δὲ
895 1187 961 1262 Γέρ-

164 1273 245 1350 γιθας
260 1274 402 1350 Τευκρούς.

205 1357 283 1419 Ἐπεὶ
307 1361 329 1420 δ’
355 1364 481 1442 ἐγένοντο
508 1368 536 1421 έν
562 1361 682 1439 Ἀβύδῳ,
706 1359 832 1436 ἠθέλησε
854 1359 1009 1438 Ξέρξης44

165 1447 273 1506 ἰδέσθαι
291 1449 381 1508 πάντα
399 1451 448 1509 τὸν
469 1450 600 1526 στρατόν·
622 1450 667 1507 καὶ
681 1449 885 1524 προεπεποίητο
905 1448 960 1528 γάρ

165 1536 210 1592 ε’πὶ
228 1541 350 1596 κολωνοῦ
369 1539 492 1613 ἐπίτηδες
511 1537 583 1616 αύτῷ
603 1537 689 1616 ταύτῃ
709 1537 860 1614 προεξέδρη
879 1537 960 1596 λίθου

164 1625 274 1682 λευκοῦ·
295 1627 430 1699 ε’ποίησαν
452 1626 481 1684 δὲ
499 1625 658 1701 Ἀβυδηνοὶ,
681 1625 872 1701 ἐντειλαμένου
892 1624 959 1702 πρό-

163 1735 244 1787 τερον
256 1714 404 1787 βασιλέος·
427 1715 543 1772 ε’νθαῦτα
557 1713 592 1775 οἷς
607 1715 686 1784 ἵζετο,
702 1717 825 1790 κατορῶν
846 1713 890 1771 ἐπὶ
910 1717 960 1788 τῆς

163 1797 255 1872 ήῖόνος
276 1802 383 1876 ἐθηεῖτο
404 1802 449 1860 καὶ
469 1800 519 1860 τόν
536 1801 619 1871 πεζόν
633 1802 678 1859 καὶ
691 1801 740 1864 τὰς
753 1803 824 1864 νέας·
847 1801 959 1878 θηεύμε-

164 1911 210 1948 νος
230 1887 260 1946 δὲ
281 1889 379 1964 ἱμέρθη
393 1893 447 1948 τῶν
460 1893 527 1948 νεῶν
540 1887 665 1963 ἅμιλλαν
678 1891 825 1969 γινομένην
842 1889 958 1948 ἰδέσθαι·

164 1975 223 2032 ἐπεὶ
237 1974 260 2034 δ’
275 1976 382 2056 ἐγένετό
395 2001 425 2034 τε
439 1977 484 2034 καὶ
498 1977 590 2036 ε’νίκων
603 1977 726 2038 Φοίνικες
736 1975 868 2046 Σιδώνιοι,
882 1977 958 2052 ἥσθη

162 2088 193 2121 τε
214 2067 250 2141 τῇ
266 2064 375 2142 α’μίλλη
395 2065 440 2122 καὶ
457 2069 493 2142 τῇ
512 2068 639 2141 στρατιῇ·
674 2063 722 2126 Ὡς
742 2064 771 2121 δὲ
791 2062 848 2138 ὥρα
868 2062 959 2122 πάντα
967 2067 1005 2124 45

162 2153 214 2225 μὲν
233 2151 283 2210 τόν
295 2151 510 2227 Ἑλλήσποντον
529 2151 584 2210 ύπὸ
599 2155 654 2210 τῶν
669 2155 735 2210 νεῶν
751 2150 958 2226 ἀποκεκρυμμέ-

163 2265 219 2309 νον,
235 2239 330 2303 πάσας
348 2241 376 2298 δὲ
398 2240 447 2303 τάς
467 2239 552 2302 α’κτάς
574 2239 620 2296 καὶ
641 2238 676 2296 τά
693 2237 856 2314 Ἀβυδηνῶν
877 2239 957 2298 πεδία

163 2329 282 2386 ἐπίπλεα
304 2328 461 2403 ἀνθρώπων,
483 2328 599 2386 ε’νθαῦτα
615 2326 720 2403 Ξέρξης
741 2326 839 2385 ἑωυτόν
858 2327 957 2403 ε’μακά-

161 2440 234 2490 ρισε·
255 2417 325 2491 μετά
339 2415 368 2474 δὲ
381 2420 463 2475 τοῦτο
478 2415 620 2491 ἐδάκρυσε.
662 2414 769 2474 Μαθὼν
789 2415 820 2474 δέ
835 2441 883 2491 μιν
895 2414 957 2492 Ἀρ·
968 2419 1005 2474 46

163 2502 285 2578 τάβανος
298 2503 313 2562 ὁ
327 2504 443 2579 πάτρως,
458 2503 488 2567 ὃς
505 2503 538 2562 τὸ
560 2498 669 2580 πρῶτον
681 2503 793 2584 γνώμην
807 2502 957 2572 άπεδέξατο

162 2593 310 2669 ἐλευθέρως
323 2591 355 2650 οῦ
370 2592 573 2668 συμβουλεύων
586 2592 676 2671 Ξέρξη
692 2591 893 2668 στρατεύεσθαι
914 2593 959 2650 ἐπὶ

160 2679 213 2754 τήν
233 2680 367 2753 Ἑλλάδα,
392 2678 471 2743 οὗτος
491 2680 562 2756 δινήρ
580 2681 717 2756 φρασθεὶς
738 2681 842 2758 Ξέρξεα
861 2681 957 2757 δακρύ-

161 2791 251 2827 σαντα
265 2770 352 2846 εἵρετο
368 2767 442 2826 τάδε·
465 2768 512 2826 “ὦ
525 2771 658 2844 βασιλεῦ,
673 2767 709 2831 ὥς
728 2769 802 2828 πολύ
824 2768 958 2844 ἀλλήλων

161 2857 352 2933 κεχωρισμένα
372 2855 496 2936 ε’ργάσαο
518 2861 565 2916 νῦν
586 2883 617 2915 τε
636 2857 682 2914 καὶ
697 2855 783 2937 ὀλίγῳ
804 2857 956 2932 πρότερον;

159 2945 318 3018 μακαρίσας
338 2943 392 3023 γάρ
414 2943 535 3002 σεωυτόν
551 2943 701 3020 δακρύεις·”
722 2943 780 3004 ὅδὲ
794 2945 862 3003 εἶπε·
884 2949 957 3002 “ε’σ·

159 3029 232 3105 ἦλθε
251 3030 306 3110 γάρ
327 3057 363 3107 με
382 3031 570 3112 λογισάμενον
591 3036 774 3108 κατοικτεῖραι
795 3031 829 3094 ὥς
849 3030 959 3108 βραχύς

160 3119 202 3195 εἴη
226 3117 243 3177 o‘
266 3122 321 3181 πεῖς
348 3117 518 3195 άνθριύτινος
541 3121 614 3196 βίος,
637 3125 660 3180 εἶ
683 3119 786 3179 τούτων
806 3143 840 3199 γε
861 3117 959 3176 ἐόντων

159 3209 301 3268 τοσούτων
321 3207 408 3270 οὐδεὶς
422 3213 449 3271 ές
463 3208 613 3268 ἑκατοστόν
633 3210 692 3270 ἔτος
710 3203 878 3283 περιέσται·”
899 3203 958 3264 ὁδὶ

161 3297 294 3420 οἶγηείβετο
307 3297 407 3370 λέγων·
427 3307 444 3333 “
454 3297 533 3374 ἔτερα
545 3297 645 3357 τούτου
660 3294 737 3372 παρά
756 3294 807 3372 τήν
828 3293 894 3369 ζόην
911 3319 958 3354 πε-

198 3383 271 3428 .-12
