2276 3538
174 154 220 200 ιιι
479 149 665 198 Ἤτοιουοι·
897 151 970 214 [vn.

173 230 241 299 τόξα
271 229 404 307 ἐπιχώρια
437 227 577 305 καλάμινα
609 231 716 307 ἔχοντες
746 229 792 288 καὶ
820 227 972 300 άκινάκεας,

172 317 380 393 ἐστρατεύοντο·
403 313 480 375 οὗτοι
500 319 551 392 μὲν
572 316 642 376 οὕτω
656 315 833 386 ἐσκευάδατο,
847 317 972 397 ἡγεμόνα

173 403 359 483 παρεχόμενοι
377 403 561 481 Ἀριόμαρδον
582 404 632 464 τόν
650 405 803 479 Ἀρτυφίου
823 403 971 480 ἀδελφεόν.

173 493 318 573 Σαράγγαι
332 492 361 552 δὲ
375 493 474 568 εἵματα
488 495 538 568 μὲν
548 494 719 569 βεβαμμένα
734 493 882 569 ἐνέπρεπον
896 495 971 572 ἐχον-

171 607 225 644 τες·
247 581 348 639 πέδιλα
370 580 399 638 δὲ
422 585 449 642 ἐς
469 580 536 660 γόνυ
557 579 733 642 ἀνατείνοντα
755 580 838 658 εἰχον,
853 579 922 650 τόξα
943 581 972 640 δὲ

172 671 218 728 καὶ
237 668 339 746 αἰχμάς
360 667 496 742 Μηδικάς·
518 669 685 749 Σαραγγέων
703 668 732 727 δὲ
750 667 821 745 ἦρχε
839 669 970 743 Φερενδά-

171 783 221 832 της
245 755 260 814 ό
285 755 468 836 Μεγαβάζου.
511 755 638 820 Πάκτυες
660 757 690 814 δὲ
714 754 918 831 σισυρνοφόροι
941 783 971 814 τε

171 844 246 918 ἦσαν
261 845 307 900 καὶ
319 842 388 912 τόξα
402 843 534 922 ἐπιχώρια
549 845 624 922 εἰχον
638 844 683 904 καὶ
697 842 855 922 ἐγχειρίδια.
894 843 971 900 Πάκ-

171 957 231 993 τυες
257 929 287 988 δέ
313 929 436 1008 ἄρχοντα
461 932 628 1010 παρείχοντο
652 931 803 1008 Ἀρτύντην
827 931 875 990 τόν
898 929 970 990 Ἰθα-

125 1018 286 1095 68μάτρεω.
332 1016 429 1076 Οὔτιοι
450 1019 480 1077 δὲ
503 1019 548 1076 καὶ
570 1017 663 1079 Μύκοι
684 1045 714 1079 τε
737 1019 783 1078 καί
805 1017 970 1093 Παρικάνιοι

171 1107 370 1183 ἐσκευασμένοι
394 1105 469 1180 ἦσαν
494 1107 616 1183 κατάπερ
638 1107 770 1170 Πάκτυες.
814 1105 917 1164 τούτων
941 1107 970 1166 δὲ

169 1193 257 1273 ἦρχον
279 1221 306 1253 οι
324 1221 345 1252 ε·
369 1194 475 1254 Ούτίων
495 1198 546 1272 μὲν
570 1197 615 1254 καὶ
636 1195 739 1254 Μύκων
756 1194 932 1271 Ἀρσαμένης
953 1194 970 1256 ὅ

171 1284 299 1360 Δαρείου·
328 1284 504 1360 Παρικανίων
532 1283 561 1342 δέ
585 1283 751 1358 Σιρομίτρης
775 1282 790 1340 ό
817 1281 969 1357 Οἰοβάζου.

124 1373 160 1429 69
171 1369 303 1447 Ἀράβιοι
325 1372 354 1430 δὲ
375 1371 465 1448 ζειράς
482 1371 671 1447 ὑπεζωσμένοι
689 1370 772 1446 ἦσαν·
794 1370 862 1440 τόξα
875 1371 904 1428 δὲ
917 1397 969 1428 πα-

168 1459 282 1518 λίντονα
299 1459 374 1536 εἶχον
387 1459 457 1534 πρός
471 1459 553 1528 δεξιά,
567 1459 669 1536 μακρά.
712 1459 843 1520 Αἰθίοπες
856 1459 886 1516 δὲ
900 1485 969 1536 παρ-

169 1545 269 1608 δαλέας
281 1572 312 1604 τε
331 1547 377 1604 καὶ
397 1547 526 1608 λεοντέας
545 1547 700 1622 ἐναμμένοι,
714 1546 783 1616 τόξα
797 1547 826 1605 δὲ
841 1546 915 1624 εἰχον
937 1553 967 1606 ἐκ

169 1633 293 1706 φοίνικος
315 1632 425 1706 σπάθης
449 1633 621 1708 πεποιημένα
645 1633 747 1709 μακροὶ,
774 1633 969 1710 τετραπηχέων

169 1718 218 1778 ούκ
240 1719 364 1777 ἐλάσσω·
387 1721 432 1777 ἐπὶ
454 1721 491 1788 δὲ,
515 1721 684 1796 καλαμίνους
706 1719 817 1784 ὀϊστούς
836 1721 968 1798 μακρούς·

168 1805 241 1886 (άντί
263 1807 292 1864 δὲ
313 1807 430 1884 σιδήρου
449 1812 518 1882 ἐπῆν
536 1808 615 1872 λίθος
635 1807 698 1877 ὀξύς
719 1809 911 1885 πεποιημένος,
931 1817 970 1888 τῷ

168 1894 214 1952 καὶ
226 1893 276 1956 τάς
287 1895 446 1975 σφρηγῖδας
456 1894 622 1975 γλύφουσι·)
637 1896 706 1972 πρός
719 1897 756 1966 δὲ,
766 1896 868 1975 αἰχμάς
883 1897 968 1976 εἰχον·

168 1983 214 2042 ἐπὶ
234 1982 271 2052 δὲ,
287 1983 368 2058 κέρας
389 1983 521 2060 δορκάδος
543 1987 611 2059 ἐπῆν
632 1984 681 2054 ὀξύ
698 1987 892 2062 πεποιημένον,
906 1985 968 2062 τρό-

167 2096 221 2130 πον
243 2070 360 2152 λόγχης·
383 2071 459 2150 εἶχον
482 2071 511 2130 δὲ
533 2073 579 2130 καὶ
600 2073 713 2150 ῥόπαλα
731 2073 849 2132 τυλωτά·
870 2076 919 2132 τοῦ
939 2073 969 2132 δὲ

170 2159 300 2236 σώματος
320 2161 352 2220 τό
373 2163 424 2237 μὲν
444 2159 532 2238 ἥμισυ
553 2161 734 2237 ἐξηλείφοπο
747 2161 827 2241 γύψῳ
843 2159 928 2224 ἰόντες
942 2167 969 2223 ἐς

168 2247 271 2327 μάχην,
286 2250 319 2308 τό
333 2248 356 2306 δ’
371 2250 463 2324 ἕτερον
476 2249 564 2325 ἥμισυ
584 2252 683 2329 μίλτῳ.
707 2291 709 2298 ·
724 2249 865 2326 Ἀραβίων
879 2249 908 2307 δέ
922 2249 968 2306 καὶ

167 2335 309 2395 Αἰθιόπων
328 2339 382 2395 τῶν
403 2337 472 2412 ὑπὲρ
487 2338 629 2416 Αἰγύπτου
650 2339 800 2414 οἰκημένων
819 2337 889 2415 ἦρχε
905 2335 967 2414 Ἀρ-

169 2423 270 2498 σάμης,
285 2423 300 2482 0‘
316 2425 435 2498 Δαρείου
450 2425 494 2482 καί
508 2423 700 2500 Ἀρτυστώνης
712 2431 762 2500 τῆς
776 2424 871 2501 Κύρου
885 2426 966 2504 θυγα-

169 2509 242 2584 τρός·
263 2509 316 2583 τὴν
336 2511 463 2584 μάλιστα
484 2511 601 2587 στέρξας
621 2517 676 2571 τῶν
691 2517 827 2593 γυναικῶν
841 2517 967 2588 Δαρεῖος,

168 2596 230 2654 εἰκοί
251 2597 374 2674 χρυσέην
395 2597 580 2674 σφυρήλατον
597 2599 758 2674 ἐποιήσατο.
800 2603 855 2658 τῶν
868 2601 919 2672 μὲν
933 2600 967 2673 δὴ

165 2682 234 2758 ὑπὲρ
248 2682 390 2763 Αἰγύπτου
405 2685 544 2744 Αἰθιόπων
558 2687 604 2765 καὶ
617 2685 760 2762 Ἀραβίων
774 2685 844 2763 ἦρχε
864 2685 967 2760 Ἀρσά·

112 2769 157 2834 ίίθ
165 2795 230 2846 μης.
274 2774 309 2829 Οἱ
330 2771 359 2829 δέ
380 2771 436 2830 α’πό
457 2771 539 2847 ἡλίου
558 2773 715 2833 άνατολέων
730 2774 868 2845 Αἰθίοπες,
884 2771 966 2852 (διξοὶ

165 2857 219 2940 γάρ
233 2857 266 2934 δὴ
278 2858 497 2940 ἐστρατεύοντο)
511 2860 739 2940 προσετετάχατο
753 2865 830 2920 τοῖσι
842 2859 965 2934 Ἰνδοῖσι,

165 2946 386 3010 διαλλάσσοντες
406 2948 476 3011 εἶδος
493 2951 544 3024 μὲν
563 2948 647 3009 οὐδὲνΙ
662 2953 739 3008 τοῖσι
759 2951 889 3028 ἑτέροισι,
910 2956 966 3024 φω-

165 3035 216 3109 νὴν
235 3035 264 3093 δὲ
281 3035 326 3093 καὶ
347 3037 473 3115 τρίχωμα
491 3041 603 3110 μοῦνον·
626 3040 652 3096 οἰ
670 3039 721 3114 μὲν
741 3037 796 3118 γάρ
818 3038 866 3096 α’π’
884 3037 965 3112 ἡλίου

165 3123 297 3186 Αἰθίοπες
317 3123 453 3202 ἰθύτριχές
473 3127 537 3182 εἰσι·
560 3125 628 3184 οἶδὲ
642 3130 672 3184 ἐκ
691 3130 741 3201 τῆς
754 3125 864 3203 Λιβύης
884 3123 965 3182 ούλό-

164 3235 248 3270 τατον
267 3214 392 3291 τρίχωμα
406 3215 504 3292 ἔχουσι
517 3211 628 3274 πάντων
642 3213 802 3290 άνθράπων.
846 3211 922 3272 οὗτοι
936 3210 965 3267 δὲ

165 3299 192 3354 οἱ
213 3302 243 3356 ἐκ
264 3303 314 3374 τῆς
334 3299 433 3376 Ἀσίης
455 3300 594 3372 Αἰθίοπες,
617 3301 652 3362 τά
672 3304 724 3378 μὲν
743 3303 820 3361 πλέω
842 3296 963 3372 κατάπερ
