<?xml version="1.0" encoding="UTF-8"?>
<!DOCTYPE html PUBLIC "-//W3C//DTD XHTML 1.0 Transitional//EN"
    "http://www.w3.org/TR/xhtml1/DTD/xhtml1-transitional.dtd">
<html xmlns="http://www.w3.org/1999/xhtml" xml:lang="en" lang="en">
 <head>
  <title>
</title>
<meta http-equiv="Content-Type" content="text/html;charset=utf-8" />
  <meta name='ocr-system' content='tesseract 3.04.00' />
  <meta name='ocr-capabilities' content='ocr_page ocr_carea ocr_par ocr_line ocrx_word'/>
</head>
<body>
  <div class='ocr_page' id='page_1' title='image "./herodotusrecens02blakgoog_0076.png"; bbox 0 0 2268 3536; ppageno 0'>
   <div class='ocr_carea' id='block_1_1' title="bbox 124 162 977 1024">
    <p class='ocr_par' dir='ltr' id='par_1_1' title="bbox 171 162 977 408">
     <span class='ocr_line' id='line_1_1' title="bbox 175 162 975 227; baseline 0.01 -19"><span class='ocrx_word' id='word_1_1' title='bbox 175 165 205 209; x_wconf 74' lang='grc' dir='ltr'>σε</span> <span class='ocrx_word' id='word_1_2' title='bbox 484 165 666 212; x_wconf 71' lang='grc' dir='ltr'>Ἧνοκοτοτ</span> <span class='ocrx_word' id='word_1_3' title='bbox 915 162 975 227; x_wconf 84' lang='lat' dir='ltr'>[VI.</span> 
     </span>
     <span class='ocr_line' id='line_1_2' title="bbox 172 240 977 320; baseline 0.007 -24"><span class='ocrx_word' id='word_1_4' title='bbox 172 241 252 308; x_wconf 76' lang='grc' dir='ltr'>κακά,</span> <span class='ocrx_word' id='word_1_5' title='bbox 266 241 378 318; x_wconf 81' lang='grc' dir='ltr'>χιλίῃσι</span> <span class='ocrx_word' id='word_1_6' title='bbox 392 240 546 320; x_wconf 76' lang='grc' dir='ltr'>δραχμῇσι·</span> <span class='ocrx_word' id='word_1_7' title='bbox 561 243 607 300; x_wconf 83' lang='grc' dir='ltr'>καὶ</span> <span class='ocrx_word' id='word_1_8' title='bbox 618 243 754 312; x_wconf 77' lang='grc' dir='ltr'>ἐπέταξαν</span> <span class='ocrx_word' id='word_1_9' title='bbox 763 244 862 319; x_wconf 90' lang='grc' dir='ltr'>μηκέτι</span> <span class='ocrx_word' id='word_1_10' title='bbox 872 244 977 320; x_wconf 79' lang='grc' dir='ltr'>μηδένα</span> 
     </span>
     <span class='ocr_line' id='line_1_3' title="bbox 171 328 588 408; baseline 0.017 -26"><span class='ocrx_word' id='word_1_11' title='bbox 171 329 297 404; x_wconf 79' lang='grc' dir='ltr'>χρᾶσθαι</span> <span class='ocrx_word' id='word_1_12' title='bbox 310 328 398 406; x_wconf 83' lang='grc' dir='ltr'>τούτῳ</span> <span class='ocrx_word' id='word_1_13' title='bbox 412 333 449 408; x_wconf 77' lang='grc' dir='ltr'>τῷ</span> <span class='ocrx_word' id='word_1_14' title='bbox 463 330 588 406; x_wconf 88' lang='grc' dir='ltr'>δράματι.</span> 
     </span>
    </p>

    <p class='ocr_par' dir='ltr' id='par_1_2' title="bbox 124 415 977 1024">
     <span class='ocr_line' id='line_1_4' title="bbox 124 415 977 496; baseline 0.011 -25"><span class='ocrx_word' id='word_1_15' title='bbox 124 416 161 472; x_wconf 82' lang='grc'>22</span> <span class='ocrx_word' id='word_1_16' title='bbox 214 415 343 489; x_wconf 87' lang='grc' dir='ltr'>Μίλητος</span> <span class='ocrx_word' id='word_1_17' title='bbox 357 417 408 491; x_wconf 89' lang='grc' dir='ltr'>μέν</span> <span class='ocrx_word' id='word_1_18' title='bbox 422 420 636 494; x_wconf 89' lang='grc' dir='ltr'>νυν”Μιλησίων</span> <span class='ocrx_word' id='word_1_19' title='bbox 650 418 785 496; x_wconf 88' lang='grc' dir='ltr'>ἐρήμωτο.</span> <span class='ocrx_word' id='word_1_20' title='bbox 822 421 934 496; x_wconf 78' lang='grc' dir='ltr'>Σαμίων</span> <span class='ocrx_word' id='word_1_21' title='bbox 948 420 977 480; x_wconf 84' lang='grc' dir='ltr'>δέ</span> 
     </span>
     <span class='ocr_line' id='line_1_5' title="bbox 170 503 976 582; baseline 0.012 -22"><span class='ocrx_word' id='word_1_22' title='bbox 170 503 249 561; x_wconf 89' lang='grc' dir='ltr'>τοῖσί</span> <span class='ocrx_word' id='word_1_23' title='bbox 274 529 302 562; x_wconf 91' lang='grc' dir='ltr'>τι</span> <span class='ocrx_word' id='word_1_24' title='bbox 332 505 428 582; x_wconf 84' lang='grc' dir='ltr'>ἔχουσι</span> <span class='ocrx_word' id='word_1_25' title='bbox 451 504 484 564; x_wconf 83' lang='grc' dir='ltr'>τό</span> <span class='ocrx_word' id='word_1_26' title='bbox 508 508 560 582; x_wconf 80' lang='grc' dir='ltr'>μὲν</span> <span class='ocrx_word' id='word_1_27' title='bbox 584 511 611 568; x_wconf 87' lang='grc' dir='ltr'>ἐς</span> <span class='ocrx_word' id='word_1_28' title='bbox 633 507 698 568; x_wconf 77' lang='grc' dir='ltr'>τούς</span> <span class='ocrx_word' id='word_1_29' title='bbox 727 507 842 582; x_wconf 81' lang='grc' dir='ltr'>Μήδους</span> <span class='ocrx_word' id='word_1_30' title='bbox 867 513 896 566; x_wconf 90' lang='grc' dir='ltr'>ἐκ</span> <span class='ocrx_word' id='word_1_31' title='bbox 922 512 976 570; x_wconf 76' lang='grc' dir='ltr'>τῶν</span> 
     </span>
     <span class='ocr_line' id='line_1_6' title="bbox 170 594 974 672; baseline 0.006 -22"><span class='ocrx_word' id='word_1_32' title='bbox 170 594 335 672; x_wconf 79' lang='grc' dir='ltr'>στρατηγῶν</span> <span class='ocrx_word' id='word_1_33' title='bbox 355 596 409 651; x_wconf 77' lang='grc' dir='ltr'>τῶν</span> <span class='ocrx_word' id='word_1_34' title='bbox 427 595 572 671; x_wconf 79' lang='grc' dir='ltr'>σφετέρων</span> <span class='ocrx_word' id='word_1_35' title='bbox 590 595 706 668; x_wconf 85' lang='grc' dir='ltr'>ποιηθὲν</span> <span class='ocrx_word' id='word_1_36' title='bbox 723 594 848 671; x_wconf 74' lang='grc' dir='ltr'>οὐδαμοῖς</span> <span class='ocrx_word' id='word_1_37' title='bbox 861 595 974 671; x_wconf 85' lang='grc' dir='ltr'>ἤρεσκε.</span> 
     </span>
     <span class='ocr_line' id='line_1_7' title="bbox 170 678 974 759; baseline 0.009 -22"><span class='ocrx_word' id='word_1_38' title='bbox 170 678 260 738; x_wconf 85' lang='grc' dir='ltr'>ἐδόκεε</span> <span class='ocrx_word' id='word_1_39' title='bbox 271 680 299 738; x_wconf 80' lang='grc' dir='ltr'>δὲ</span> <span class='ocrx_word' id='word_1_40' title='bbox 309 679 443 756; x_wconf 74' lang='grc' dir='ltr'>μεταίτην</span> <span class='ocrx_word' id='word_1_41' title='bbox 454 682 610 759; x_wconf 81' lang='grc' dir='ltr'>ναυμαχίην</span> <span class='ocrx_word' id='word_1_42' title='bbox 621 680 720 739; x_wconf 76' lang='grc' dir='ltr'>αὐτίκα</span> <span class='ocrx_word' id='word_1_43' title='bbox 730 684 974 759; x_wconf 83' lang='grc' dir='ltr'>βουλευομένοισι,</span> 
     </span>
     <span class='ocr_line' id='line_1_8' title="bbox 170 766 975 846; baseline 0.009 -21"><span class='ocrx_word' id='word_1_44' title='bbox 170 769 235 843; x_wconf 80' lang='grc' dir='ltr'>πρὶν</span> <span class='ocrx_word' id='word_1_45' title='bbox 255 766 274 842; x_wconf 85' lang='grc' dir='ltr'><em>ἤ</em></span> <span class='ocrx_word' id='word_1_46' title='bbox 295 775 349 840; x_wconf 92' lang='grc' dir='ltr'>σφι</span> <span class='ocrx_word' id='word_1_47' title='bbox 372 773 399 830; x_wconf 93' lang='grc' dir='ltr'>ἐς</span> <span class='ocrx_word' id='word_1_48' title='bbox 419 768 471 842; x_wconf 76' lang='grc' dir='ltr'>την</span> <span class='ocrx_word' id='word_1_49' title='bbox 491 769 584 846; x_wconf 81' lang='grc' dir='ltr'>χώρην</span> <span class='ocrx_word' id='word_1_50' title='bbox 601 768 753 828; x_wconf 78' lang='grc' dir='ltr'>ἀπικέσθαι</span> <span class='ocrx_word' id='word_1_51' title='bbox 773 769 823 829; x_wconf 81' lang='grc' dir='ltr'>τόν</span> <span class='ocrx_word' id='word_1_52' title='bbox 841 771 975 846; x_wconf 89' lang='grc' dir='ltr'>τύραννον</span> 
     </span>
     <span class='ocr_line' id='line_1_9' title="bbox 169 853 976 932; baseline 0.009 -20"><span class='ocrx_word' id='word_1_53' title='bbox 169 853 273 912; x_wconf 77' lang='grc' dir='ltr'>Αἰάκεα</span> <span class='ocrx_word' id='word_1_54' title='bbox 288 860 314 916; x_wconf 87' lang='grc' dir='ltr'>ἐς</span> <span class='ocrx_word' id='word_1_55' title='bbox 328 855 458 930; x_wconf 84' lang='grc' dir='ltr'>α’ποικίην</span> <span class='ocrx_word' id='word_1_56' title='bbox 469 857 603 925; x_wconf 84' lang='grc' dir='ltr'>ἐκπλέειν,</span> <span class='ocrx_word' id='word_1_57' title='bbox 618 856 688 931; x_wconf 78' lang='grc' dir='ltr'>μηδὲ</span> <span class='ocrx_word' id='word_1_58' title='bbox 701 857 834 932; x_wconf 84' lang='grc' dir='ltr'>μένοντας</span> <span class='ocrx_word' id='word_1_59' title='bbox 848 859 976 932; x_wconf 85' lang='grc' dir='ltr'>Μήδοισί</span> 
     </span>
     <span class='ocr_line' id='line_1_10' title="bbox 168 942 973 1024; baseline 0.006 -25"><span class='ocrx_word' id='word_1_60' title='bbox 168 968 199 1000; x_wconf 91' lang='grc' dir='ltr'>τε</span> <span class='ocrx_word' id='word_1_61' title='bbox 227 943 272 999; x_wconf 86' lang='grc' dir='ltr'>καὶ</span> <span class='ocrx_word' id='word_1_62' title='bbox 295 943 391 1000; x_wconf 79' lang='grc' dir='ltr'>Αἰάκεϊ</span> <span class='ocrx_word' id='word_1_63' title='bbox 413 942 564 1004; x_wconf 87' lang='grc' dir='ltr'>δουλεύειν.</span> <span class='ocrx_word' id='word_1_64' title='bbox 608 947 761 1024; x_wconf 80' lang='grc' dir='ltr'>Ζαγκλαῖοι</span> <span class='ocrx_word' id='word_1_65' title='bbox 784 943 840 1022; x_wconf 84' lang='grc' dir='ltr'>γάρ</span> <span class='ocrx_word' id='word_1_66' title='bbox 866 947 892 1002; x_wconf 83' lang='grc' dir='ltr'>οἱ</span> <span class='ocrx_word' id='word_1_67' title='bbox 917 945 973 1004; x_wconf 80' lang='grc' dir='ltr'>α’πὸ</span> 
     </span>
    </p>
   </div>
   <div class='ocr_carea' id='block_1_2' title="bbox 167 1030 973 1200">
    <p class='ocr_par' dir='ltr' id='par_1_3' title="bbox 167 1030 973 1200">
     <span class='ocr_line' id='line_1_11' title="bbox 169 1030 973 1110; baseline 0.004 -23"><span class='ocrx_word' id='word_1_68' title='bbox 169 1031 297 1106; x_wconf 78' lang='grc' dir='ltr'>Σικελίης</span> <span class='ocrx_word' id='word_1_69' title='bbox 311 1031 360 1090; x_wconf 84' lang='grc' dir='ltr'>τόν</span> <span class='ocrx_word' id='word_1_70' title='bbox 375 1031 459 1090; x_wconf 79' lang='grc' dir='ltr'>αὐτόν</span> <span class='ocrx_word' id='word_1_71' title='bbox 472 1030 575 1110; x_wconf 88' lang='grc' dir='ltr'>χρόνον</span> <span class='ocrx_word' id='word_1_72' title='bbox 591 1036 692 1090; x_wconf 77' lang='grc' dir='ltr'>τοῦτον</span> <span class='ocrx_word' id='word_1_73' title='bbox 711 1033 867 1107; x_wconf 86' lang='grc' dir='ltr'>πέμποντες</span> <span class='ocrx_word' id='word_1_74' title='bbox 881 1037 908 1094; x_wconf 89' lang='grc' dir='ltr'>ἐς</span> <span class='ocrx_word' id='word_1_75' title='bbox 922 1034 973 1108; x_wconf 78' lang='grc' dir='ltr'>τήν</span> 
     </span>
     <span class='ocr_line' id='line_1_12' title="bbox 167 1116 972 1200; baseline 0.007 -24"><span class='ocrx_word' id='word_1_76' title='bbox 167 1116 272 1194; x_wconf 85' lang='grc' dir='ltr'>Ἰωνίην</span> <span class='ocrx_word' id='word_1_77' title='bbox 287 1118 424 1200; x_wconf 77' lang='grc' dir='ltr'>ἀγγέλους</span> <span class='ocrx_word' id='word_1_78' title='bbox 443 1124 627 1180; x_wconf 87' lang='grc' dir='ltr'>ἐπεκαλέοντο</span> <span class='ocrx_word' id='word_1_79' title='bbox 645 1120 710 1181; x_wconf 83' lang='grc' dir='ltr'>τούς</span> <span class='ocrx_word' id='word_1_80' title='bbox 719 1119 816 1183; x_wconf 87' lang='grc' dir='ltr'>Ἴωνας</span> <span class='ocrx_word' id='word_1_81' title='bbox 830 1124 856 1181; x_wconf 88' lang='grc' dir='ltr'>ἐς</span> <span class='ocrx_word' id='word_1_82' title='bbox 871 1121 972 1198; x_wconf 75' lang='grc' dir='ltr'>Καλὴν</span> 
     </span>
    </p>
   </div>
   <div class='ocr_carea' id='block_1_3' title="bbox 118 1205 972 3400">
    <p class='ocr_par' dir='ltr' id='par_1_4' title="bbox 118 1205 972 3400">
     <span class='ocr_line' id='line_1_13' title="bbox 166 1205 972 1287; baseline 0.005 -22"><span class='ocrx_word' id='word_1_83' title='bbox 166 1205 276 1284; x_wconf 72' lang='grc' dir='ltr'>Ἀκτὴν,</span> <span class='ocrx_word' id='word_1_84' title='bbox 291 1208 464 1285; x_wconf 85' lang='grc' dir='ltr'>βουλόμενοι</span> <span class='ocrx_word' id='word_1_85' title='bbox 483 1207 581 1269; x_wconf 75' lang='grc' dir='ltr'>αὐτόθι</span> <span class='ocrx_word' id='word_1_86' title='bbox 595 1210 680 1269; x_wconf 90' lang='grc' dir='ltr'>πόλιν</span> <span class='ocrx_word' id='word_1_87' title='bbox 697 1211 791 1268; x_wconf 86' lang='grc' dir='ltr'>κτίσαι</span> <span class='ocrx_word' id='word_1_88' title='bbox 804 1208 911 1270; x_wconf 77' lang='grc' dir='ltr'>Ἰάνων.</span> <span class='ocrx_word' id='word_1_89' title='bbox 954 1211 972 1287; x_wconf 83' lang='grc' dir='ltr'><em>ἡ</em></span> 
     </span>
     <span class='ocr_line' id='line_1_14' title="bbox 168 1295 971 1375; baseline 0.006 -21"><span class='ocrx_word' id='word_1_90' title='bbox 168 1295 197 1353; x_wconf 83' lang='grc' dir='ltr'>δὲ</span> <span class='ocrx_word' id='word_1_91' title='bbox 219 1297 305 1371; x_wconf 73' lang='grc' dir='ltr'>Καλή</span> <span class='ocrx_word' id='word_1_92' title='bbox 327 1297 396 1373; x_wconf 83' lang='grc' dir='ltr'>αὕτη</span> <span class='ocrx_word' id='word_1_93' title='bbox 413 1297 498 1374; x_wconf 77' lang='grc' dir='ltr'>Ἀκτη</span> <span class='ocrx_word' id='word_1_94' title='bbox 517 1300 673 1375; x_wconf 88' lang='grc' dir='ltr'>καλεομένη</span> <span class='ocrx_word' id='word_1_95' title='bbox 691 1299 752 1357; x_wconf 81' lang='grc' dir='ltr'>ἔστι</span> <span class='ocrx_word' id='word_1_96' title='bbox 769 1301 820 1374; x_wconf 77' lang='grc' dir='ltr'>μὲν</span> <span class='ocrx_word' id='word_1_97' title='bbox 839 1300 971 1368; x_wconf 79' lang='grc' dir='ltr'>Σικελῶν,</span> 
     </span>
     <span class='ocr_line' id='line_1_15' title="bbox 166 1384 972 1464; baseline 0.004 -22"><span class='ocrx_word' id='word_1_98' title='bbox 166 1384 235 1461; x_wconf 85' lang='grc' dir='ltr'>πρός</span> <span class='ocrx_word' id='word_1_99' title='bbox 249 1387 278 1444; x_wconf 88' lang='grc' dir='ltr'>δέ</span> <span class='ocrx_word' id='word_1_100' title='bbox 291 1389 448 1462; x_wconf 87' lang='grc' dir='ltr'>Τυρσηνίην</span> <span class='ocrx_word' id='word_1_101' title='bbox 457 1389 631 1464; x_wconf 86' lang='grc' dir='ltr'>τετραμμένη</span> <span class='ocrx_word' id='word_1_102' title='bbox 642 1391 692 1461; x_wconf 81' lang='grc' dir='ltr'>τῆς</span> <span class='ocrx_word' id='word_1_103' title='bbox 704 1388 841 1460; x_wconf 77' lang='grc' dir='ltr'>Σικελίης.</span> <span class='ocrx_word' id='word_1_104' title='bbox 869 1387 972 1445; x_wconf 87' lang='grc' dir='ltr'>τούτων</span> 
     </span>
     <span class='ocr_line' id='line_1_16' title="bbox 166 1471 969 1550; baseline 0 -21"><span class='ocrx_word' id='word_1_105' title='bbox 166 1471 201 1530; x_wconf 85' lang='grc' dir='ltr'>ὦν</span> <span class='ocrx_word' id='word_1_106' title='bbox 217 1477 444 1548; x_wconf 86' lang='grc' dir='ltr'>ἐπικαλεομένων,</span> <span class='ocrx_word' id='word_1_107' title='bbox 460 1479 486 1534; x_wconf 85' lang='grc' dir='ltr'>οἱ</span> <span class='ocrx_word' id='word_1_108' title='bbox 504 1476 606 1550; x_wconf 82' lang='grc' dir='ltr'>Σάμιοι</span> <span class='ocrx_word' id='word_1_109' title='bbox 622 1477 720 1549; x_wconf 83' lang='grc' dir='ltr'>μοῦνοι</span> <span class='ocrx_word' id='word_1_110' title='bbox 735 1472 833 1529; x_wconf 76' lang='grc' dir='ltr'>Ἰώνων</span> <span class='ocrx_word' id='word_1_111' title='bbox 851 1472 969 1548; x_wconf 87' lang='grc' dir='ltr'>ἐστάλη-</span> 
     </span>
     <span class='ocr_line' id='line_1_17' title="bbox 118 1558 970 1640; baseline 0 -23"><span class='ocrx_word' id='word_1_112' title='bbox 118 1562 155 1617; x_wconf 79' lang='grc'>23</span> <span class='ocrx_word' id='word_1_113' title='bbox 166 1586 221 1618; x_wconf 91' lang='grc' dir='ltr'>σαν</span> <span class='ocrx_word' id='word_1_114' title='bbox 236 1561 288 1618; x_wconf 78' lang='grc' dir='ltr'>σόν</span> <span class='ocrx_word' id='word_1_115' title='bbox 306 1559 338 1617; x_wconf 84' lang='grc' dir='ltr'>δέ</span> <span class='ocrx_word' id='word_1_116' title='bbox 355 1569 411 1635; x_wconf 89' lang='grc' dir='ltr'>σφι</span> <span class='ocrx_word' id='word_1_117' title='bbox 428 1563 578 1635; x_wconf 90' lang='grc' dir='ltr'>Μιλησίων</span> <span class='ocrx_word' id='word_1_118' title='bbox 593 1564 618 1618; x_wconf 82' lang='grc' dir='ltr'>οἱ</span> <span class='ocrx_word' id='word_1_119' title='bbox 634 1558 844 1637; x_wconf 84' lang='grc' dir='ltr'>ἐκπεφευγότες.</span> <span class='ocrx_word' id='word_1_120' title='bbox 886 1559 970 1640; x_wconf 79' lang='grc' dir='ltr'>Ἐνῷ</span> 
     </span>
     <span class='ocr_line' id='line_1_18' title="bbox 164 1644 968 1726; baseline 0.002 -22"><span class='ocrx_word' id='word_1_121' title='bbox 164 1646 269 1705; x_wconf 88' lang='grc' dir='ltr'>τοιόνδε</span> <span class='ocrx_word' id='word_1_122' title='bbox 286 1647 320 1722; x_wconf 84' lang='grc' dir='ltr'>δή</span> <span class='ocrx_word' id='word_1_123' title='bbox 333 1674 360 1705; x_wconf 90' lang='grc' dir='ltr'>τι</span> <span class='ocrx_word' id='word_1_124' title='bbox 374 1648 516 1722; x_wconf 81' lang='grc' dir='ltr'>συνήνεικε</span> <span class='ocrx_word' id='word_1_125' title='bbox 535 1646 677 1726; x_wconf 88' lang='grc' dir='ltr'>γενέσθαι·</span> <span class='ocrx_word' id='word_1_126' title='bbox 700 1644 802 1721; x_wconf 87' lang='grc' dir='ltr'>Σάμιοι</span> <span class='ocrx_word' id='word_1_127' title='bbox 817 1645 872 1726; x_wconf 82' lang='grc' dir='ltr'>γάρ</span> <span class='ocrx_word' id='word_1_128' title='bbox 892 1675 968 1724; x_wconf 91' lang='grc' dir='ltr'>κομι-</span> 
     </span>
     <span class='ocr_line' id='line_1_19' title="bbox 166 1733 967 1814; baseline 0.005 -22"><span class='ocrx_word' id='word_1_129' title='bbox 166 1733 275 1810; x_wconf 86' lang='grc' dir='ltr'>ζόμενοι</span> <span class='ocrx_word' id='word_1_130' title='bbox 303 1740 330 1797; x_wconf 88' lang='grc' dir='ltr'>ἐς</span> <span class='ocrx_word' id='word_1_131' title='bbox 358 1736 487 1810; x_wconf 84' lang='grc' dir='ltr'>Σικελίην</span> <span class='ocrx_word' id='word_1_132' title='bbox 514 1734 637 1814; x_wconf 88' lang='grc' dir='ltr'>ἐγίνοντο</span> <span class='ocrx_word' id='word_1_133' title='bbox 671 1738 699 1792; x_wconf 87' lang='grc' dir='ltr'>ἐν</span> <span class='ocrx_word' id='word_1_134' title='bbox 726 1739 864 1810; x_wconf 84' lang='grc' dir='ltr'>Λοκροῖσι</span> <span class='ocrx_word' id='word_1_135' title='bbox 891 1741 967 1796; x_wconf 91' lang='grc' dir='ltr'>τοῖσι</span> 
     </span>
     <span class='ocr_line' id='line_1_20' title="bbox 163 1822 966 1902; baseline 0.007 -22"><span class='ocrx_word' id='word_1_136' title='bbox 163 1822 395 1899; x_wconf 86' lang='grc' dir='ltr'>Ἐπιζεφυρίοισι,</span> <span class='ocrx_word' id='word_1_137' title='bbox 411 1824 455 1882; x_wconf 83' lang='grc' dir='ltr'>καὶ</span> <span class='ocrx_word' id='word_1_138' title='bbox 473 1827 627 1902; x_wconf 81' lang='grc' dir='ltr'>Ζαγκλαῖοι</span> <span class='ocrx_word' id='word_1_139' title='bbox 642 1823 724 1882; x_wconf 69' lang='grc' dir='ltr'>αὐτοί</span> <span class='ocrx_word' id='word_1_140' title='bbox 740 1851 770 1882; x_wconf 91' lang='grc' dir='ltr'>τε</span> <span class='ocrx_word' id='word_1_141' title='bbox 792 1826 837 1883; x_wconf 86' lang='grc' dir='ltr'>καὶ</span> <span class='ocrx_word' id='word_1_142' title='bbox 851 1825 867 1884; x_wconf 86' lang='grc' dir='ltr'>ό</span> <span class='ocrx_word' id='word_1_143' title='bbox 881 1828 966 1901; x_wconf 84' lang='grc' dir='ltr'>βασι-</span> 
     </span>
     <span class='ocr_line' id='line_1_21' title="bbox 163 1909 966 1990; baseline 0.006 -22"><span class='ocrx_word' id='word_1_144' title='bbox 163 1911 227 1973; x_wconf 75' lang='grc' dir='ltr'>λεύς</span> <span class='ocrx_word' id='word_1_145' title='bbox 251 1911 348 1979; x_wconf 83' lang='grc' dir='ltr'>αὐτῶν,</span> <span class='ocrx_word' id='word_1_146' title='bbox 375 1915 412 1990; x_wconf 76' lang='grc' dir='ltr'>τῷ</span> <span class='ocrx_word' id='word_1_147' title='bbox 434 1909 538 1987; x_wconf 80' lang='grc' dir='ltr'>οὕνομα</span> <span class='ocrx_word' id='word_1_148' title='bbox 563 1909 598 1985; x_wconf 86' lang='grc' dir='ltr'>ἦν</span> <span class='ocrx_word' id='word_1_149' title='bbox 626 1911 742 1988; x_wconf 84' lang='grc' dir='ltr'>Σκύθης,</span> <span class='ocrx_word' id='word_1_150' title='bbox 770 1914 966 1988; x_wconf 86' lang='grc' dir='ltr'>περιεκατέατο</span> 
     </span>
     <span class='ocr_line' id='line_1_22' title="bbox 163 1998 966 2075; baseline 0.005 -18"><span class='ocrx_word' id='word_1_151' title='bbox 163 1998 248 2058; x_wconf 90' lang='grc' dir='ltr'>πόλιν</span> <span class='ocrx_word' id='word_1_152' title='bbox 268 2003 323 2058; x_wconf 78' lang='grc' dir='ltr'>τῶν</span> <span class='ocrx_word' id='word_1_153' title='bbox 344 2002 467 2062; x_wconf 77' lang='grc' dir='ltr'>Σικελῶν</span> <span class='ocrx_word' id='word_1_154' title='bbox 489 1999 592 2067; x_wconf 81' lang='grc' dir='ltr'>ἐξελεῖν</span> <span class='ocrx_word' id='word_1_155' title='bbox 610 1999 792 2075; x_wconf 86' lang='grc' dir='ltr'>βουλόμενοι·</span> <span class='ocrx_word' id='word_1_156' title='bbox 819 2002 915 2075; x_wconf 78' lang='grc' dir='ltr'>μαθεδν</span> <span class='ocrx_word' id='word_1_157' title='bbox 937 2003 966 2061; x_wconf 80' lang='grc' dir='ltr'>δὲ</span> 
     </span>
     <span class='ocr_line' id='line_1_23' title="bbox 162 2085 964 2168; baseline 0.001 -23"><span class='ocrx_word' id='word_1_158' title='bbox 162 2091 249 2146; x_wconf 80' lang='grc' dir='ltr'>ταῦτα</span> <span class='ocrx_word' id='word_1_159' title='bbox 263 2087 278 2147; x_wconf 89' lang='grc' dir='ltr'>ό</span> <span class='ocrx_word' id='word_1_160' title='bbox 292 2088 405 2168; x_wconf 89' lang='grc' dir='ltr'>Ῥηγίου</span> <span class='ocrx_word' id='word_1_161' title='bbox 422 2087 553 2162; x_wconf 85' lang='grc' dir='ltr'>τύραννος</span> <span class='ocrx_word' id='word_1_162' title='bbox 570 2085 744 2154; x_wconf 81' lang='grc' dir='ltr'>Ἀναξίλεως,</span> <span class='ocrx_word' id='word_1_163' title='bbox 758 2087 822 2145; x_wconf 90' lang='grc' dir='ltr'>τότε</span> <span class='ocrx_word' id='word_1_164' title='bbox 840 2088 890 2145; x_wconf 78' lang='grc' dir='ltr'>ἐών</span> <span class='ocrx_word' id='word_1_165' title='bbox 909 2089 964 2147; x_wconf 87' lang='grc' dir='ltr'>διά-</span> 
     </span>
     <span class='ocr_line' id='line_1_24' title="bbox 167 2174 964 2254; baseline -0.001 -20"><span class='ocrx_word' id='word_1_166' title='bbox 167 2183 254 2252; x_wconf 90' lang='grc' dir='ltr'>φορος</span> <span class='ocrx_word' id='word_1_167' title='bbox 268 2181 344 2236; x_wconf 88' lang='grc' dir='ltr'>τοῖσι</span> <span class='ocrx_word' id='word_1_168' title='bbox 359 2175 552 2254; x_wconf 88' lang='grc' dir='ltr'>Ζαγκλαίοισι,</span> <span class='ocrx_word' id='word_1_169' title='bbox 573 2174 713 2249; x_wconf 85' lang='grc' dir='ltr'>συμμίξας</span> <span class='ocrx_word' id='word_1_170' title='bbox 734 2177 810 2232; x_wconf 89' lang='grc' dir='ltr'>τοῖσι</span> <span class='ocrx_word' id='word_1_171' title='bbox 831 2175 964 2248; x_wconf 88' lang='grc' dir='ltr'>Σαμίοισι</span> 
     </span>
     <span class='ocr_line' id='line_1_25' title="bbox 162 2260 964 2340; baseline 0.001 -19"><span class='ocrx_word' id='word_1_172' title='bbox 162 2263 304 2324; x_wconf 83' lang='grc' dir='ltr'>α’ναπείθει</span> <span class='ocrx_word' id='word_1_173' title='bbox 325 2264 360 2325; x_wconf 80' lang='grc' dir='ltr'>ὦς</span> <span class='ocrx_word' id='word_1_174' title='bbox 380 2262 465 2340; x_wconf 85' lang='grc' dir='ltr'>χρεόν</span> <span class='ocrx_word' id='word_1_175' title='bbox 487 2263 528 2338; x_wconf 82' lang='grc' dir='ltr'>εἴη</span> <span class='ocrx_word' id='word_1_176' title='bbox 550 2261 652 2337; x_wconf 78' lang='grc' dir='ltr'>Καλήν</span> <span class='ocrx_word' id='word_1_177' title='bbox 672 2264 723 2337; x_wconf 84' lang='grc' dir='ltr'>μὲν</span> <span class='ocrx_word' id='word_1_178' title='bbox 743 2260 847 2336; x_wconf 73' lang='grc' dir='ltr'>Ἀκτὴν</span> <span class='ocrx_word' id='word_1_179' title='bbox 868 2260 909 2319; x_wconf 82' lang='grc' dir='ltr'>ἐπ’</span> <span class='ocrx_word' id='word_1_180' title='bbox 930 2262 964 2337; x_wconf 78' lang='grc' dir='ltr'>ἢν</span> 
     </span>
     <span class='ocr_line' id='line_1_26' title="bbox 162 2349 963 2431; baseline 0 -21"><span class='ocrx_word' id='word_1_181' title='bbox 162 2353 262 2410; x_wconf 86' lang='grc' dir='ltr'>ἐπλεον</span> <span class='ocrx_word' id='word_1_182' title='bbox 284 2357 330 2410; x_wconf 86' lang='grc' dir='ltr'>ἐιῖν</span> <span class='ocrx_word' id='word_1_183' title='bbox 351 2353 465 2428; x_wconf 88' lang='grc' dir='ltr'>χαίρειν,</span> <span class='ocrx_word' id='word_1_184' title='bbox 483 2351 535 2426; x_wconf 79' lang='grc' dir='ltr'>τήν</span> <span class='ocrx_word' id='word_1_185' title='bbox 555 2351 584 2409; x_wconf 82' lang='grc' dir='ltr'>δὲ</span> <span class='ocrx_word' id='word_1_186' title='bbox 606 2349 736 2431; x_wconf 75' lang='grc' dir='ltr'>Ζάγκλην</span> <span class='ocrx_word' id='word_1_187' title='bbox 758 2355 839 2428; x_wconf 88' lang='grc' dir='ltr'>σχεῖν</span> <span class='ocrx_word' id='word_1_188' title='bbox 862 2355 963 2410; x_wconf 82' lang='grc' dir='ltr'>ἐοῦσαν</span> 
     </span>
     <span class='ocr_line' id='line_1_27' title="bbox 162 2439 962 2517; baseline 0 -19"><span class='ocrx_word' id='word_1_189' title='bbox 162 2445 265 2517; x_wconf 83' lang='grc' dir='ltr'>ἐρῆμον</span> <span class='ocrx_word' id='word_1_190' title='bbox 292 2439 407 2515; x_wconf 82' lang='grc' dir='ltr'>α’νδριῖν·</span> <span class='ocrx_word' id='word_1_191' title='bbox 441 2440 612 2516; x_wconf 88' lang='grc' dir='ltr'>πειθομένων</span> <span class='ocrx_word' id='word_1_192' title='bbox 638 2439 668 2497; x_wconf 80' lang='grc' dir='ltr'>δέ</span> <span class='ocrx_word' id='word_1_193' title='bbox 694 2443 749 2499; x_wconf 79' lang='grc' dir='ltr'>τῶν</span> <span class='ocrx_word' id='word_1_194' title='bbox 777 2441 889 2516; x_wconf 89' lang='grc' dir='ltr'>Σαμίων</span> <span class='ocrx_word' id='word_1_195' title='bbox 917 2441 962 2498; x_wconf 78' lang='grc' dir='ltr'>καὶ</span> 
     </span>
     <span class='ocr_line' id='line_1_28' title="bbox 161 2527 963 2608; baseline -0.002 -23"><span class='ocrx_word' id='word_1_196' title='bbox 161 2528 287 2605; x_wconf 85' lang='grc' dir='ltr'>σχόντων</span> <span class='ocrx_word' id='word_1_197' title='bbox 312 2528 364 2602; x_wconf 70' lang='grc' dir='ltr'>τὴν</span> <span class='ocrx_word' id='word_1_198' title='bbox 389 2527 528 2608; x_wconf 88' lang='grc' dir='ltr'>Ζάγκλην,</span> <span class='ocrx_word' id='word_1_199' title='bbox 557 2528 674 2586; x_wconf 84' lang='grc' dir='ltr'>ἐνθαῦτα</span> <span class='ocrx_word' id='word_1_200' title='bbox 696 2531 722 2586; x_wconf 81' lang='grc' dir='ltr'>οἱ</span> <span class='ocrx_word' id='word_1_201' title='bbox 750 2529 904 2606; x_wconf 85' lang='grc' dir='ltr'>Ζαγκλαῖοι</span> <span class='ocrx_word' id='word_1_202' title='bbox 928 2527 963 2590; x_wconf 80' lang='grc' dir='ltr'>ὠς</span> 
     </span>
     <span class='ocr_line' id='line_1_29' title="bbox 161 2613 961 2693; baseline -0.001 -20"><span class='ocrx_word' id='word_1_203' title='bbox 161 2615 294 2674; x_wconf 87' lang='grc' dir='ltr'>ἐπύθοντο</span> <span class='ocrx_word' id='word_1_204' title='bbox 309 2616 444 2693; x_wconf 86' lang='grc' dir='ltr'>ἐχομένην</span> <span class='ocrx_word' id='word_1_205' title='bbox 457 2616 508 2690; x_wconf 77' lang='grc' dir='ltr'>τὴν</span> <span class='ocrx_word' id='word_1_206' title='bbox 519 2615 603 2674; x_wconf 89' lang='grc' dir='ltr'>πόλιν</span> <span class='ocrx_word' id='word_1_207' title='bbox 615 2618 727 2684; x_wconf 82' lang='grc' dir='ltr'>ἑωυτῶν,</span> <span class='ocrx_word' id='word_1_208' title='bbox 741 2613 877 2690; x_wconf 86' lang='grc' dir='ltr'>ἐβοήθεον</span> <span class='ocrx_word' id='word_1_209' title='bbox 891 2615 961 2692; x_wconf 77' lang='grc' dir='ltr'>αὐτῇ</span> 
     </span>
     <span class='ocr_line' id='line_1_30' title="bbox 160 2701 958 2781; baseline 0.003 -21"><span class='ocrx_word' id='word_1_210' title='bbox 160 2705 206 2761; x_wconf 86' lang='grc' dir='ltr'>καὶ</span> <span class='ocrx_word' id='word_1_211' title='bbox 227 2706 408 2763; x_wconf 88' lang='grc' dir='ltr'>ἐπεκαλέοντο</span> <span class='ocrx_word' id='word_1_212' title='bbox 428 2704 614 2781; x_wconf 88' lang='grc' dir='ltr'>Ἱπποκράτεα</span> <span class='ocrx_word' id='word_1_213' title='bbox 636 2702 685 2761; x_wconf 83' lang='grc' dir='ltr'>τόν</span> <span class='ocrx_word' id='word_1_214' title='bbox 703 2703 793 2778; x_wconf 90' lang='grc' dir='ltr'>Γέλης</span> <span class='ocrx_word' id='word_1_215' title='bbox 814 2701 958 2778; x_wconf 85' lang='grc' dir='ltr'>τύραννον·</span> 
     </span>
     <span class='ocr_line' id='line_1_31' title="bbox 160 2789 960 2873; baseline -0.003 -21"><span class='ocrx_word' id='word_1_216' title='bbox 160 2791 194 2866; x_wconf 86' lang='grc' dir='ltr'>ἦν</span> <span class='ocrx_word' id='word_1_217' title='bbox 211 2793 265 2873; x_wconf 77' lang='grc' dir='ltr'>γάρ</span> <span class='ocrx_word' id='word_1_218' title='bbox 285 2794 320 2873; x_wconf 78' lang='grc' dir='ltr'>δή</span> <span class='ocrx_word' id='word_1_219' title='bbox 342 2801 397 2869; x_wconf 91' lang='grc' dir='ltr'>σφι</span> <span class='ocrx_word' id='word_1_220' title='bbox 414 2792 494 2857; x_wconf 84' lang='grc' dir='ltr'>οὗτος</span> <span class='ocrx_word' id='word_1_221' title='bbox 508 2792 667 2870; x_wconf 87' lang='grc' dir='ltr'>σύμμαχος·</span> <span class='ocrx_word' id='word_1_222' title='bbox 690 2791 752 2849; x_wconf 87' lang='grc' dir='ltr'>ἐπεί</span> <span class='ocrx_word' id='word_1_223' title='bbox 762 2817 793 2849; x_wconf 89' lang='grc' dir='ltr'>τε</span> <span class='ocrx_word' id='word_1_224' title='bbox 807 2791 836 2848; x_wconf 87' lang='grc' dir='ltr'>δὲ</span> <span class='ocrx_word' id='word_1_225' title='bbox 850 2789 960 2850; x_wconf 78' lang='grc' dir='ltr'>αὐτοῖσι</span> 
     </span>
     <span class='ocr_line' id='line_1_32' title="bbox 161 2876 958 2959; baseline 0.001 -21"><span class='ocrx_word' id='word_1_226' title='bbox 161 2883 206 2938; x_wconf 84' lang='grc' dir='ltr'>καὶ</span> <span class='ocrx_word' id='word_1_227' title='bbox 226 2881 241 2940; x_wconf 87' lang='grc' dir='ltr'>ό</span> <span class='ocrx_word' id='word_1_228' title='bbox 262 2882 448 2958; x_wconf 84' lang='grc' dir='ltr'>Ἱπποκράτης</span> <span class='ocrx_word' id='word_1_229' title='bbox 471 2882 524 2941; x_wconf 80' lang='grc' dir='ltr'>σδν</span> <span class='ocrx_word' id='word_1_230' title='bbox 547 2885 583 2959; x_wconf 74' lang='grc' dir='ltr'>τῇ</span> <span class='ocrx_word' id='word_1_231' title='bbox 606 2881 725 2957; x_wconf 80' lang='grc' dir='ltr'>στρατιῇ</span> <span class='ocrx_word' id='word_1_232' title='bbox 748 2876 797 2953; x_wconf 80' lang='grc' dir='ltr'>ἧκε</span> <span class='ocrx_word' id='word_1_233' title='bbox 822 2879 958 2954; x_wconf 81' lang='grc' dir='ltr'>βοηθέων,</span> 
     </span>
     <span class='ocr_line' id='line_1_33' title="bbox 159 2966 958 3047; baseline -0.006 -18"><span class='ocrx_word' id='word_1_234' title='bbox 159 2970 268 3045; x_wconf 84' lang='grc' dir='ltr'>Σκύθην</span> <span class='ocrx_word' id='word_1_235' title='bbox 287 2973 338 3046; x_wconf 82' lang='grc' dir='ltr'>μὲν</span> <span class='ocrx_word' id='word_1_236' title='bbox 355 2969 404 3029; x_wconf 84' lang='grc' dir='ltr'>τόν</span> <span class='ocrx_word' id='word_1_237' title='bbox 425 2970 584 3047; x_wconf 83' lang='grc' dir='ltr'>μούναρχον</span> <span class='ocrx_word' id='word_1_238' title='bbox 600 2972 654 3026; x_wconf 79' lang='grc' dir='ltr'>πεῖν</span> <span class='ocrx_word' id='word_1_239' title='bbox 668 2967 831 3047; x_wconf 89' lang='grc' dir='ltr'>Ζαγκλαίων</span> <span class='ocrx_word' id='word_1_240' title='bbox 848 2966 958 3042; x_wconf 86' lang='grc' dir='ltr'>άποβα-</span> 
     </span>
     <span class='ocr_line' id='line_1_34' title="bbox 158 3053 958 3134; baseline -0.006 -17"><span class='ocrx_word' id='word_1_241' title='bbox 158 3059 244 3118; x_wconf 92' lang='grc' dir='ltr'>λόντα</span> <span class='ocrx_word' id='word_1_242' title='bbox 267 3060 317 3134; x_wconf 77' lang='grc' dir='ltr'>την</span> <span class='ocrx_word' id='word_1_243' title='bbox 339 3058 424 3118; x_wconf 91' lang='grc' dir='ltr'>πόλιν</span> <span class='ocrx_word' id='word_1_244' title='bbox 444 3057 460 3117; x_wconf 83' lang='grc' dir='ltr'>ό</span> <span class='ocrx_word' id='word_1_245' title='bbox 482 3055 667 3133; x_wconf 88' lang='grc' dir='ltr'>Ἱπποκράτης</span> <span class='ocrx_word' id='word_1_246' title='bbox 688 3055 821 3131; x_wconf 85' lang='grc' dir='ltr'>πεδήσας,</span> <span class='ocrx_word' id='word_1_247' title='bbox 843 3055 888 3112; x_wconf 87' lang='grc' dir='ltr'>καὶ</span> <span class='ocrx_word' id='word_1_248' title='bbox 909 3053 958 3113; x_wconf 83' lang='grc' dir='ltr'>τόν</span> 
     </span>
     <span class='ocr_line' id='line_1_35' title="bbox 157 3142 957 3227; baseline -0.008 -21"><span class='ocrx_word' id='word_1_249' title='bbox 157 3146 296 3223; x_wconf 81' lang='grc' dir='ltr'>άδελφεόν</span> <span class='ocrx_word' id='word_1_250' title='bbox 318 3148 402 3206; x_wconf 76' lang='grc' dir='ltr'>αὐτοῦ</span> <span class='ocrx_word' id='word_1_251' title='bbox 426 3146 596 3227; x_wconf 89' lang='grc' dir='ltr'>Πυθογένεα,</span> <span class='ocrx_word' id='word_1_252' title='bbox 621 3151 647 3207; x_wconf 90' lang='grc' dir='ltr'>ἐς</span> <span class='ocrx_word' id='word_1_253' title='bbox 661 3144 770 3204; x_wconf 86' lang='grc' dir='ltr'>Ἴνυκον</span> <span class='ocrx_word' id='word_1_254' title='bbox 790 3143 875 3202; x_wconf 89' lang='grc' dir='ltr'>πόλιν</span> <span class='ocrx_word' id='word_1_255' title='bbox 892 3142 957 3200; x_wconf 89' lang='grc' dir='ltr'>οἷπέ-</span> 
     </span>
     <span class='ocr_line' id='line_1_36' title="bbox 157 3229 956 3316; baseline -0.008 -22"><span class='ocrx_word' id='word_1_256' title='bbox 157 3245 259 3312; x_wconf 81' lang='grc' dir='ltr'>πεμψε·</span> <span class='ocrx_word' id='word_1_257' title='bbox 281 3237 344 3299; x_wconf 78' lang='grc' dir='ltr'>τούς</span> <span class='ocrx_word' id='word_1_258' title='bbox 364 3237 394 3295; x_wconf 84' lang='grc' dir='ltr'>δέ</span> <span class='ocrx_word' id='word_1_259' title='bbox 414 3235 530 3298; x_wconf 80' lang='grc' dir='ltr'>λοιπούς</span> <span class='ocrx_word' id='word_1_260' title='bbox 552 3236 725 3316; x_wconf 70' lang='grc' dir='ltr'>Ζαγκλαίους</span> <span class='ocrx_word' id='word_1_261' title='bbox 755 3229 956 3312; x_wconf 86' lang='grc' dir='ltr'>κοινολογησά·</span> 
     </span>
     <span class='ocr_line' id='line_1_37' title="bbox 155 3318 955 3400; baseline -0.001 -20"><span class='ocrx_word' id='word_1_262' title='bbox 155 3349 237 3399; x_wconf 86' lang='grc' dir='ltr'>μενος</span> <span class='ocrx_word' id='word_1_263' title='bbox 257 3329 332 3382; x_wconf 91' lang='grc' dir='ltr'>τοῖσι</span> <span class='ocrx_word' id='word_1_264' title='bbox 347 3326 479 3400; x_wconf 75' lang='grc' dir='ltr'>Σαμίοισι</span> <span class='ocrx_word' id='word_1_265' title='bbox 494 3326 538 3383; x_wconf 88' lang='grc' dir='ltr'>καὶ</span> <span class='ocrx_word' id='word_1_266' title='bbox 553 3325 649 3399; x_wconf 78' lang='grc' dir='ltr'>ὅρκους</span> <span class='ocrx_word' id='word_1_267' title='bbox 665 3322 728 3386; x_wconf 75' lang='grc' dir='ltr'>δούς</span> <span class='ocrx_word' id='word_1_268' title='bbox 740 3321 787 3381; x_wconf 84' lang='grc' dir='ltr'>καὶ</span> <span class='ocrx_word' id='word_1_269' title='bbox 800 3318 955 3395; x_wconf 81' lang='grc' dir='ltr'>δεξάμενος,</span> 
     </span>
    </p>
   </div>
   <div class='ocr_carea' id='block_1_4' title="bbox 0 0 1138 3536">
    <p class='ocr_par' dir='ltr' id='par_1_5' title="bbox 0 0 1138 3536">
     <span class='ocr_line' id='line_1_38' title="bbox 0 0 1138 3536; baseline 0 4"><span class='ocrx_word' id='word_1_270' title='bbox 0 0 1138 3536; x_wconf 95' lang='lat' dir='ltr'> </span> 
     </span>
    </p>
   </div>
  </div>
 </body>
</html>
