2276 3538
161 159 267 223 ιιι-οι]
496 157 607 204 mm.
926 156 957 202 οι

160 240 268 297 σασθαι
296 230 337 296 ἐπ’
361 236 539 319 Αἰγινήτῃσι·
568 237 614 295 καί
640 235 675 312 ἦν
700 235 755 316 γάρ
783 233 958 312 Νικόδρομος

161 327 283 385 Κνοίθου
311 326 478 401 καλεόμενος
506 330 535 384 ἐν
557 329 593 403 τῇ
617 325 715 406 Αἰγίνῃ
741 322 810 398 ἀνήρ
838 322 956 398 δόκιμος,

160 412 239 476 οὗτος
260 413 440 489 μεμφόμενος
463 415 515 489 μέν
536 417 612 473 τοῖσι
635 412 801 492 Αἰγινήτῃσι
822 411 958 486 προτέρην

160 505 259 560 ἑωυτοῦ
279 501 408 570 ἐξέλασιν
427 507 456 559 ἐκ
475 505 525 576 τῆς
543 501 640 576 νήσου,
655 499 751 577 μαθων
768 500 796 557 δέ
812 498 875 558 τότε
895 498 958 562 τούς

158 587 321 664 Ἀθηναίους
344 589 546 665 ἀναρτημένους
575 590 661 666 ἕρδειν
686 587 835 668 Αἰγινήτας
861 591 957 656 κακῶς,

158 678 316 736 συντίθεται
335 677 510 752 Ἀθηναίοισι
531 677 685 754 προδοσίην
702 677 823 756 Αἰγίνης,
844 673 958 751 φράσος

157 770 187 824 ἐν
200 770 235 843 τῇ
248 791 278 824 τε
291 765 380 844 ἡμέρῃ
395 765 574 842 ἐπιχειρήσει,
587 765 632 823 καὶ
646 765 764 826 ἐκείνους
778 771 805 826 ἐς
817 763 869 839 τήν
881 762 958 839 ήκειν

156 853 250 928 δεήσει
270 854 453 928 βοηθέοντας·
474 854 545 928 μετοί
565 857 660 923 ταῦτα,
676 851 889 930 καταλαμβάνει
906 855 958 928 μὲν

156 942 225 1000 κατά
244 941 280 1001 τά
299 941 472 1016 συνεθήκατο
492 941 507 1000 ό
525 941 700 1018 Νικόδρομος
713 941 888 1016 Ἀθηναίοισι
906 941 958 1015 τήν

155 1030 279 1104 παλαιὴν
294 1031 464 1106 καλεομένην
477 1029 571 1088 πόλιν·
592 1029 735 1104 Ἀθηναῖοι
749 1030 778 1087 δὲ
792 1029 824 1087 ου’
838 1030 954 1108 παραγί·
966 1031 1002 1088 89

156 1141 249 1174 νονται
264 1122 291 1178 ἐς
305 1117 375 1174 δέον·
398 1115 429 1174 οὐ
442 1116 497 1196 γάρ
512 1117 610 1194 ἔτυχον
624 1121 720 1175 ἐοῦσαι
739 1117 796 1178 νέες
809 1123 865 1191 σφι
883 1115 956 1185 α’ξιό·

156 1227 244 1280 μαχοι
257 1207 325 1280 τῇσι
339 1204 505 1282 Αἰγινητέων
523 1205 707 1280 συμβαλέειν·
730 1209 758 1262 ἐν
772 1203 793 1282 ᾧ
807 1203 843 1263 ὧν
857 1211 957 1280 Κοριν-

158 1290 223 1348 θίων
245 1291 352 1349 ἐδέοντο
374 1293 483 1368 χρῆσαί
504 1298 559 1366 σφι
581 1292 651 1360 νέας,
669 1297 697 1352 ἐν
715 1291 801 1370 τούτῳ
822 1291 957 1367 διεφθάρη

155 1377 191 1436 τά
210 1378 372 1458 πρήγματα.
415 1381 441 1436 οἱ
455 1377 484 1436 δέ
499 1379 650 1454 Κορίνθιοι,
667 1377 741 1453 ἦσαν
753 1379 808 1460 γάρ
822 1381 878 1454 σφι
896 1384 956 1437 τοῦ·

154 1491 203 1526 τον
224 1466 273 1526 τόν
296 1467 398 1545 χρόνον
420 1467 503 1542 φίλοι
525 1473 551 1529 ἐς
571 1465 606 1525 τά
628 1467 763 1543 μάλιστα,
783 1467 957 1544 Ἀθηναίοισι

155 1553 262 1613 διδοῦσι
284 1555 441 1631 δεομένοισι
466 1556 555 1614 εἰκοσι
579 1556 649 1625 νέας,
672 1556 780 1616 διδοῦσι
805 1557 834 1616 δέ
858 1582 955 1616 πεντα-

155 1641 296 1720 δράχμους
310 1642 488 1719 α’ττοδόμενοι·
511 1643 624 1720 δωτίνην
644 1645 699 1725 γάρ
714 1651 742 1704 ἐν
755 1650 793 1724 τῷ
807 1645 882 1724 νόμῳ
903 1643 956 1704 οιίκ

155 1731 220 1806 ἐξῆν
233 1732 336 1791 δοῦναι·
357 1725 457 1794 ταύτας
469 1758 501 1791 τε
515 1733 547 1807 δή
562 1733 701 1808 λαβόντες
715 1737 741 1792 οἰ
754 1733 897 1810 Ἀθηναῖοι
911 1733 956 1791 καί

153 1818 204 1881 τοίς
224 1821 370 1896 σφετέρας,
388 1820 588 1896 πληρώσαντες
605 1821 798 1897 ἐβδομήκοντα
820 1822 882 1883 νέας
904 1820 954 1882 τάς

154 1905 273 1980 ἁπάσας,
290 1909 389 1967 ἔπλεον
400 1910 445 1966 ἐπὶ
458 1909 510 1984 τήν
524 1910 649 1989 Αἴγιναν·
672 1911 717 1967 καὶ
731 1909 883 1986 ὖστέρισαν
896 1907 961 1984 ἡμέ-

153 2019 189 2072 ρῃ
202 2001 253 2074 μιῇ
262 2001 312 2071 τῆς
321 1997 511 2077 συγκειμένης.
541 1997 717 2074 Νικόδρομος
730 1998 768 2066 δὲ,
784 1997 818 2058 ὥς
833 2000 859 2054 οἰ
872 1996 955 2070 Ἀθη·
964 1997 1001 2054 90

154 2086 226 2141 ναῖοι
240 2089 267 2146 ἐς
280 2084 329 2143 τόν
343 2085 438 2160 καιρόν
452 2084 484 2142 οιί
497 2086 689 2164 παρεγίνοντο,
705 2089 732 2146 ἐς
745 2087 847 2142 πλοῖον
866 2083 955 2156 ἐσβοίς

155 2170 326 2247 ἐκδιδρήσκει
340 2177 370 2230 ἐκ
382 2177 431 2246 τῆς
446 2175 569 2252 Αἰγίνης·
605 2172 659 2230 σόν
672 2173 703 2230 δέ
711 2175 743 2231 ,οἰ
758 2172 803 2228 καὶ
820 2169 904 2228 ἄλλοι
925 2175 955 2228 ἐκ

126 2275 129 2282 ’
153 2263 207 2317 τῶν
221 2261 388 2340 Αἰγινητέων
407 2261 536 2319 ἕσποντο·
579 2263 656 2318 τοῖσι
676 2257 819 2332 Ἀθηναῖοι
841 2257 956 2319 Σούνιον

154 2350 267 2422 οἰκῆσαι
284 2348 393 2407 ἔδοσαν·
416 2349 540 2406 ἐνθείντεν
559 2344 682 2405 δὲοῦτοι
704 2345 874 2422 ὁρμειόμενοι
893 2346 954 2421 ἐφε-

152 2434 203 2510 ρόν
218 2462 249 2494 τε
271 2437 316 2494 καί
336 2435 406 2516 ἦγον
426 2436 490 2497 τούς
504 2441 532 2494 ἐν
545 2439 581 2512 τῇ
595 2435 671 2514 νήσῳ
689 2434 847 2514 Αἰγινήτας·
868 2439 955 2494 ταΐττα

152 2525 204 2598 μὲν
218 2523 251 2598 δή
265 2523 383 2600 ὕστερον
401 2525 511 2604 ἐγίνετο.
557 2524 723 2603 Αἰγινητέων
744 2524 773 2582 δὲ
795 2527 821 2582 οἱ
841 2526 951 2601 παχέες,
963 2527 999 2584 91

152 2612 359 2674 ἐπαναστάντος
379 2617 429 2671 τοῦ
445 2612 534 2688 δήμου
555 2618 610 2687 σφι
631 2610 689 2688 ἅμα
703 2612 877 2691 Νικοδρόμῳ,
892 2618 952 2670 ἐπε-

153 2699 307 2774 κράτησαν·
330 2702 375 2758 καὶ
397 2700 490 2760 ἐπειτά
513 2707 604 2776 σφεας
624 2700 833 2778 χειρωσάμενοι,
854 2701 954 2780 ἐξῆγον

152 2786 328 2851 ἀπολέοντες.
364 2787 419 2848 άπό
433 2788 533 2847 τούτου
547 2788 576 2846 δὲ
591 2790 636 2846 καὶ
649 2788 716 2869 άγος
730 2796 785 2865 σφι
800 2789 908 2869 ἐγένετο
921 2787 953 2846 τό

153 2875 327 2935 ἐκθύσασθαι
352 2876 401 2935 οὐκ
425 2876 481 2936 οἶοί
501 2903 532 2935 τε
557 2877 679 2956 ἐγίνοντο
704 2875 953 2955 ἐπιμηχανώμενοι·

152 2960 219 3020 ἄλλ’
234 2965 362 3039 ἔφθησαν
379 2963 543 3027 ἐκπεσόντες
560 2963 695 3040 πρότερον
713 2970 743 3023 ἐκ
761 2969 810 3038 τῆς
829 2964 916 3036 νήσου
935 2961 954 3037 ἦ

152 3057 209 3125 σφι
224 3052 304 3110 ἵλεων
317 3053 448 3132 γενέίτθαι
460 3052 512 3127 τήν
527 3051 598 3111 θεόν·
641 3053 823 3112 ἑπτακοσίους
843 3050 897 3128 γάρ
919 3049 952 3124 δή

151 3141 202 3195 τοῦ
224 3138 312 3214 δήμου
332 3139 530 3219 ζωγρήσαντες,
546 3140 645 3220 ἐξῆγον
664 3139 698 3201 ὦς
719 3139 893 3197 α’πολέοντες·
916 3136 954 3200 εἰς

152 3224 184 3283 δέ
202 3252 244 3289 τις
263 3227 367 3286 τούτων
389 3228 515 3307 ἐκφυγών
536 3227 571 3285 τά
592 3227 684 3301 δεσμά
701 3223 870 3302 καταφεύγει
883 3224 954 3298 πρός

152 3313 281 3392 πρόθυρα
302 3313 452 3392 Δήμητρος
474 3313 666 3389 θεσμοφόρου·
690 3308 951 3386 ἐπιλαμβανόμενος

1062 3421 1123 3494 Δ
