2276 3538
180 137 306 198 99—10'2]
424 143 428 150 '
484 135 670 182 ΠΟΛΤΜΝῙΑ.
931 139 977 186 159

179 219 234 295 γῆν
247 216 396 292 τρέψαντες
412 215 513 278 πάντες
532 215 702 291 μετωπηδόν,
717 216 764 276 καὶ
783 216 981 286 ἐξοπλίσαντες

177 302 245 365 τούς
260 303 396 378 ἐπιβάτας
407 303 442 366 οἷς
453 307 480 366 ές
489 303 625 380 πόλεμον·
640 303 656 363 ά
668 303 690 362 δ’
703 304 842 368 ε’ντάςιτῶν
851 306 980 383 πρωρέων

179 392 273 450 πλέων
286 392 393 466 ε’θηεῖτο
408 385 517 450 καίτοῦ
525 396 665 472 αἰγιαλοῦ.

219 478 267 542 Ὡς
285 479 313 537 δὲ
331 481 376 537 καὶ
394 480 495 542 ταύτας
514 480 691 550 διεξέπλωσε,
706 481 752 540 καὶ
768 482 853 558 ε’ξέβη
868 487 897 540 ἐκ
910 485 960 558 τῆς
970 482 1025 541 101

104 614 107 622 .
178 568 246 637 νεός,
261 568 459 644 μετεπέμψατο
481 567 651 643 Δημάρητον
671 568 721 629 τᾶν
737 567 913 644 Ἀρίστωνος,
932 595 981 629 συ-

177 655 400 732 στρατευόμενον
421 655 495 734 αὐτῷ
516 657 561 714 ἐπὶ
577 656 629 731 την
644 655 780 716 Ἑλλάδα·
813 658 935 722 καλέσας
958 656 981 716 δ’

177 742 263 803 αύτὸν
283 745 371 821 εἴρετο
391 744 466 804 τάδε·
488 755 507 779 “
516 744 675 820 Δημάρητε,
695 749 743 804 νῦν
761 747 814 822 μοί
831 771 867 804 σε
884 745 937 821 ἡδύ
954 772 982 806 τι

178 833 241 890 ε’στὶ
258 831 417 910 ἐπείρεσθαι
435 833 471 892 τά
490 833 572 892 θέλω·
594 832 631 892 σύ
650 833 688 896 εἶς
701 833 813 910 Ἕλλην
829 859 868 904 τε,
883 835 929 894 καὶ
947 833 982 897 οἷς

178 919 233 999 ε’γιύ
247 921 421 997 πυνθάνομαι
435 925 486 980 σεῦ
498 947 529 980 τε
543 922 656 981 καὶτῶν
669 920 764 982 ἄλλων
773 921 917 998 Ἑλλήνων
927 926 982 982 τῶν

179 1009 240 1083 ἐμοὶ
254 1013 281 1071 ἐς
300 1008 402 1089 λόγους
415 1008 626 1086 ἀπικνεομένων,
640 1009 739 1073 πόλιος
757 1009 815 1070 οὔτ’
830 1012 982 1090 ἐλαχίστης
1037 1029 1040 1035 ’

179 1093 235 1154 οὔτ’
257 1096 472 1172 ἀσθενεστάτης·
508 1102 556 1156 νῦν
584 1097 620 1156 ὧν
643 1124 692 1174 μοι
718 1097 782 1158 τάδε
809 1099 930 1175 φράσον,
958 1103 982 1159 εί

173 1180 313 1259 Ἕλληνες
340 1184 526 1261 ὑπομενέουσι
554 1189 650 1264 χεῖρας
677 1186 739 1262 ε’μοὶ
765 1185 980 1264 ἀνταειρόμενοι·

178 1269 212 1329 ού
226 1271 289 1352 γάρ,
305 1271 339 1335 ὥς
353 1273 407 1354 εἠὠ
421 1273 513 1346 δοκέω,
530 1272 585 1332 οὐδ’
600 1277 624 1331 εί
637 1272 881 1350 πάντεςἘλληνες
895 1275 941 1333 καὶ
954 1277 982 1334 οἱ

177 1362 275 1420 λοιποὶ
298 1365 324 1420 οἱ
345 1361 415 1437 πρός
443 1362 563 1438 ἑσπέρης
585 1362 719 1424 οἰκέοντες
745 1361 885 1440 ἄνθρωποι
911 1366 981 1422 συλ-

177 1450 357 1528 λεχθείησαν,
372 1448 422 1508 ούκ
437 1449 591 1528 ἀξιόμαχοί
602 1454 657 1508 εἰσι
676 1452 724 1525 ε’μὲ
739 1451 851 1510 ε’πιόντα
867 1449 980 1527 ὑπομεῖ-

176 1563 229 1606 ναι,
248 1537 289 1614 μη
312 1537 402 1601 ἐόντες
426 1536 548 1614 ἄρθμιοι·
580 1537 666 1596 ε’θέλω
686 1539 781 1614 μέντοι
800 1540 846 1597 καὶ
867 1539 900 1598 τὸ
923 1537 979 1600 α’πό

175 1630 236 1695 σεῦ,
256 1626 350 1686 ὁκοῖόν
364 1627 499 1706 τιλέγεις
512 1627 576 1703 περὶ
590 1627 687 1697 αὐτῶν,
702 1625 866 1687 πυθέσθαι.”
900 1628 916 1688 ὁ
928 1629 981 1704 μὲν

175 1718 264 1774 ταῦτα
273 1713 380 1790 εἰρώτα·
396 1713 412 1773 ὁ
424 1714 453 1772 δὲ
465 1714 620 1790 ύπολαβιδν
631 1715 694 1790 ἔφη·
710 1722 727 1750 “
735 1717 869 1792 βασιλεῦ,
881 1715 981 1794 κότερα

176 1800 298 1881 άληθηΐη
325 1802 471 1882 χρήσομαι
494 1803 564 1879 πρὸς
588 1806 623 1861 σὲ
646 1800 664 1877 ἢ
686 1803 771 1884 ἡδονῇ
781 1802 805 1874 ;”
839 1804 855 1864 o‘
879 1805 910 1864 δέ
932 1830 981 1881 μιν

175 1887 298 1968 άληθηίη
320 1892 488 1970 χρῆσασθαι
510 1891 626 1960 ἐκέλευε,
649 1891 705 1966 φάς
728 1892 806 1952 οὐδέν
827 1897 853 1952 οἱ
879 1892 978 1968 αἠδέσ-

175 2003 256 2054 τερον
272 1980 388 2040 ἔσεσθαι
403 1979 421 2055 ἢ
435 1979 571 2056 πρότερον
588 1979 632 2055 ἦν·
655 1980 690 2043 οἷς
709 1981 738 2039 δὲ
753 1986 842 2042 ταῦτα
855 1981 1027 2057 ἦκουσε102

177 2067 353 2144 Δημάρητος,
376 2069 455 2148 ἔλεγε
471 2067 547 2126 τάδε,
572 2070 730 2144 ((βασιλεῦ,
748 2069 841 2145 ἐπειδὴ
858 2068 979 2148 άληθηίη

178 2153 388 2232 διαχρήσασθαι
401 2155 509 2218 πάντως
520 2183 557 2232 με
571 2156 698 2225 κελεύεις,
712 2160 799 2216 ταῦτα
811 2157 932 2236 λέγοντα
944 2158 980 2217 τά

175 2243 216 2318 μὴ
238 2244 405 2320 ψευδόμενός
425 2269 467 2306 τις
486 2243 605 2320 ὕστερον
624 2243 679 2304 ὑπὸ
700 2247 752 2303 σεῦ
773 2243 923 2317 άλιύσεται,
944 2248 979 2324 τῇ

175 2329 295 2390 Ἑλλάδι
317 2333 398 2408 πενίη
415 2333 473 2408 ’μὲν
501 2334 557 2392 αἰεί
578 2357 642 2392 κοτε
668 2331 827 2408 σύντροφος
854 2331 977 2406 σύνεστι,

175 2417 260 2495 α’ρετή
275 2419 303 2477 δὲ
318 2420 435 2482 ἔπακτός
448 2425 518 2490 ἔστι,
536 2419 593 2480 α’πά
606 2447 637 2480 τε
650 2420 755 2496 σοφίης
769 2422 979 2501 κατεργασμένη

176 2507 222 2565 καὶ
243 2506 329 2583 νόμου
352 2511 480 2586 ἰσχυροῦ·
501 2513 538 2587 τῇ
557 2509 744 2587 διαχρεωμένη
762 2507 780 2584 ἡ
798 2507 914 2580 Ἑλλάς,
928 2508 980 2586 τήν

174 2620 206 2652 τε
226 2596 322 2672 πενίην
344 2595 517 2673 ἀπαμύνεται
535 2599 580 2656 καὶ
598 2597 650 2672 την
671 2597 857 2673 δεσποσύνην.
900 2599 980 2658 αίνέω

174 2683 226 2760 μέν
247 2710 295 2743 νυν
316 2684 421 2748 πάντας
440 2684 584 2760 Ἕλληνας
607 2684 672 2748 τούς
695 2687 758 2762 περὶ
782 2687 886 2750 κείνους
912 2686 977 2749 τούς

176 2773 317 2847 Δωρικούς
337 2800 443 2852 χωρους
465 2774 634 2849 οἰκημένους·
657 2775 773 2852 ἔρχομαι
792 2775 821 2833 δὲ
840 2776 928 2845 λέξων
947 2773 979 2833 ού

174 2860 238 2935 περὶ
248 2860 357 2922 πάντων
367 2860 469 2920 τούσδε
479 2860 544 2924 τούς
558 2861 669 2942 λόγους,
680 2862 758 2922 άλλά
767 2864 831 2940 περὶ
845 2863 979 2922 Λακεδαι·

174 2949 277 3025 μονίων
294 2949 412 3027 μούνων·
434 2955 531 3027 πρῶτα
547 2953 607 3028 μὲν,
622 2950 665 3011 ὅτι
681 2951 730 3010 οὐκ
748 2953 808 3011 ἔστι
828 2951 897 3014 ὅκως
915 2953 979 3009 κοτὲ

175 3037 245 3100 σούς
261 3038 385 3108 δέξονται
404 3039 507 3118 λόγους
526 3039 699 3114 δουλοσύνην
714 3041 897 3117 φέροντοςτῇ
911 3037 976 3096 Ἑλ·

174 3123 249 3184 λάδι·
271 3127 347 3190 αὖτις
365 3127 402 3196 δέ,
418 3126 453 3190 αἷς
473 3125 657 3187 ἀντιώσονταί
668 3153 713 3187 τοι
727 3132 755 3190 ές
766 3126 869 3206 μάχην,
885 3126 930 3184 καὶ
943 3123 979 3200 ἢν

175 3216 202 3272 οἱ
216 3213 450 3290 άλλοιἜλληνες
468 3215 568 3278 πάντες
581 3215 617 3274 τά
632 3216 671 3275 σά
688 3216 837 3291 φρονέωσι·
859 3212 979 3290 ἀριθμοῦ

175 3301 204 3360 δὲ
218 3303 289 3380 πέρι,
303 3301 343 3378 μή
357 3301 432 3379 πύθη
447 3302 512 3362 ὅσοι
524 3306 596 3366 τινὲς
609 3303 699 3365 ε’άντες
712 3306 799 3360 ταῦτα
809 3303 913 3362 ποιέειν
923 3300 980 3360 οίοί
