2278 3538
205 121 253 170 τεο
511 113 694 164 ὐκοιουοτ
913 113 1005 178 [v111.

205 195 371 258 ἀπελαύνειν
391 193 491 262 όπίσω,
514 192 672 269 Μαρδόνιον
693 193 731 262 δέ,
754 195 779 252 εί
802 194 893 254 ἐθέλει
912 220 943 254 τε
961 197 1008 256 καὶ

208 284 371 345 ύποδέκεται
391 286 480 342 ταῦτα
500 281 637 356 ποιήσειν,
662 280 747 341 αύτοΰ
769 287 934 343 καταλιπεῖν
955 285 1008 344 σύν

205 379 283 435 τοῖσι
302 373 400 432 ἐθέλει·
427 374 511 430 τοῦτο
529 373 581 446 μὲν
598 370 662 451 γάρ,
679 367 713 445 ἢν
730 373 957 449 καταστρέψηται
971 374 1008 432 τά

209 468 284 540 φησι
300 461 406 521 ἐθέλειν
419 459 468 518 καί
479 461 506 517 οἱ
518 458 690 536 προχωρήσῃ
703 458 739 518 τά
752 460 835 519 νοέων
854 461 939 540 λέγει,
954 461 1008 520 σόν

206 553 239 612 τό
262 553 351 632 ἔργον,
374 549 395 609 ὦ
417 547 549 630 δέσποτα,Ι
570 550 684 629 γίνεται·
713 551 739 607 οἷ
762 549 817 629 γάρ
841 551 889 608 συὶ
912 549 1008 608 δοῦλοι

207 641 425 722 κατεργάσαντο·
452 641 535 696 τοῦτο
557 636 594 706 δέ,
616 635 651 713 ἦν
671 637 707 696 τά
729 638 837 696 ἐναντία
857 641 906 712 τῆς
928 645 1008 715 Μαρ-

210 729 301 790 δονίου
321 727 433 810 γνιύμης
452 728 573 808 γένηται,
595 725 708 802 οὐδεμία
734 724 869 803 συμφορή
896 726 1008 807 μεγάλη

208 819 288 878 ἐσται
305 818 356 876 σέο
375 841 406 876 τε
418 815 576 892 περιεόντος
590 815 635 872 καὶ
650 816 758 874 ἐκείνων
770 818 825 873 τῶν
837 814 1009 895 πρηγμάτων

209 907 274 983 περὶ
287 905 363 964 οἶκον
376 903 426 965 τόν
441 903 503 964 σόν·
524 903 559 980 ἦν
572 904 627 984 γάρ
641 903 678 962 σύ
691 929 722 962 τε
735 907 831 982 περιῇς
845 903 889 960 καὶ
903 902 980 966 οἶκος
993 903 1010 962 ὁ

209 994 268 1067 σός,
294 991 421 1056 πολλούς
448 993 587 1054 πολλάκις
613 990 721 1072 άγῶνας
748 992 912 1068 δραμέονται
943 992 1010 1068 περὶ

207 1084 304 1159 σφέων
314 1081 403 1141 αύτῶν
419 1081 601 1156 οἱἜλληνες·
618 1080 778 1157 Μαρδονίου
790 1079 827 1150 δέ,
841 1077 876 1154 ήν
885 1105 913 1138 τι
922 1078 1008 1158 πάθῃ,

209 1171 295 1253 λόγος
316 1171 403 1234 οὐδεὶς
423 1170 537 1251 γίνεται·
566 1167 630 1228 ούδέ
645 1165 672 1226 τι
689 1172 814 1230 νικῶντες
829 1170 856 1226 οἱ
868 1163 1010 1242 Ἕλληνες

209 1264 315 1333 νικῶσι,
331 1260 432 1319 δοῦλον
453 1257 506 1318 σόν
527 1257 726 1319 ἀπολέσαντες·
747 1257 785 1315 σύ
799 1255 836 1324 δέ,
851 1258 906 1314 τῶν
920 1255 1010 1314 εἵνεκα

209 1348 258 1407 τόν
273 1349 379 1408 στόλον
394 1347 525 1422 ἐποιήσω,
540 1345 671 1424 πυρώσας
683 1345 732 1407 τάς
745 1343 866 1419 Ἀθήνας
878 1342 1010 1422 άπελᾴς.”

164 1437 221 1495 103
257 1436 357 1513 Ἥσθη
370 1462 401 1494 τε
414 1436 447 1511 δή
461 1440 497 1513 τῇ
508 1435 672 1512 συμβουλίῃ
682 1433 796 1509 Ξέρξης·
817 1433 942 1512 λέγουσα
954 1431 1009 1512 γάρ

212 1523 381 1605 ἐπετύγχανε
400 1524 487 1599 τάπερ
504 1522 587 1585 αύτδς
606 1521 687 1581 ἐνόεε·
710 1521 773 1581 ούδέ
789 1520 852 1602 γάρ,
870 1519 1010 1583 εἰπόντες

210 1612 255 1669 καὶ
286 1612 377 1670 πᾶσαι
401 1611 608 1686 συνεβούλευον
632 1610 705 1690 αύτῷ
730 1610 830 1686 μένειν,
864 1610 941 1684 ἐρενε
967 1606 1009 1677 ἂν,

211 1698 315 1782 δοκέειν
332 1699 403 1776 ἐμοί·
425 1697 495 1758 οὕτω
513 1698 727 1776 καταρρωδήκεε·
750 1697 897 1760 ἐπαινέσας
915 1695 944 1754 δὲ
959 1696 1011 1772 τήν

209 1783 398 1864 Ἀρτεμισίην,
412 1786 516 1862 ταύτην
531 1789 583 1863 μὲν
599 1786 773 1846 ἀποστέλλει
786 1784 912 1866 ἄγουσαν
926 1782 1010 1843 αὐτοῦ

202 1874 274 1938 ,τούς
294 1876 395 1940 παῖδας
415 1880 442 1939 ἐς
457 1874 595 1951 Ἔφεσον·
619 1875 696 1935 νόθοι
713 1874 768 1956 γάρ
786 1897 857 1936 τινες
872 1871 968 1933 παῖδές
984 1875 1010 1930 οἱ

164 1963 222 2030 104
231 1965 416 2026 συνέσποντο.
452 1963 615 2039 Συνέπεμπε
636 1965 666 2022 δὲ
684 1966 760 2021 τοῖσι
778 1961 860 2020 παισὶ
883 1958 1011 2035 φύλακον

212 2051 390 2132 Ἑρμότιμον,
401 2054 481 2135 γένος
494 2054 545 2129 μὲν
559 2051 640 2111 ἐόντα
654 2049 797 2126 Πηδασέα,
813 2046 968 2125 φερόμενον
982 2049 1011 2106 δὲ

211 2140 244 2199 ού
259 2142 295 2201 τά
313 2142 425 2219 δεύτερα
444 2145 499 2200 τῶν
520 2138 655 2216 εύνούχων
672 2137 748 2214 παρά
764 2136 893 2213 βασιλέϊ.
935 2139 962 2194 οἱ
982 2135 1012 2194 δέ

212 2230 359 2305 Πηδασέες
373 2229 495 2289 οἰκέουσι
508 2227 577 2304 ύπέρ
591 2226 827 2302 Ἀλικαριησσοῦ·
850 2230 879 2286 ἐν
893 2225 923 2284 δέ
935 2229 1011 2284 τοῖσι

214 2318 378 2392 Πηδάσοισι
393 2316 518 2376 τούτοισι
536 2315 643 2375 τοιόνδε
656 2314 772 2392 φέρεται
789 2318 907 2394 πρήγμα
919 2313 1011 2394 γίνεσ-

215 2404 270 2462 θαι·
286 2404 369 2464 ἐπεάν
378 2407 455 2464 τοῖσι
469 2403 636 2479 άμφικτίοσι
647 2407 727 2471 πᾶσι,
738 2405 815 2461 τοῖσι
826 2401 901 2478 ἀμφὶ
910 2399 1012 2476 ταύτης

212 2491 334 2550 οἰκέουσι
350 2496 400 2567 τῆς
418 2489 526 2560 πόλιος,
540 2491 634 2568 μέλλῃ
647 2517 674 2550 τι
689 2490 765 2553 ἐντός
778 2489 881 2568 χρόνου
895 2490 1012 2548 ἔσεσθαι

212 2579 347 2655 χαλεπόν,
368 2578 432 2638 τότε
452 2578 470 2653 ή
492 2579 562 2654 ἱρείη
589 2577 687 2638 αύτόθι
707 2582 758 2654 τής
777 2577 926 2653 Ἀθηναίης
948 2576 1013 2652 φύει

166 2667 222 2728 105
232 2667 350 2747 πώγωνα
368 2665 466 2746 μέγαν·
487 2670 570 2724 τοῦτο
583 2666 612 2725 δέ
626 2673 682 2742 σφι
696 2666 737 2727 δὶς
753 2663 806 2740 ἤδη
822 2665 940 2746 ἐγένετο.
961 2663 1013 2722 Ἐκ

210 2754 315 2816 τούτων
342 2753 377 2829 δή
403 2757 458 2813 τῶν
485 2753 641 2829 Πηδασέων
667 2753 683 2813 ὁ
709 2753 877 2829 Ἑρμότιμος
899 2752 943 2828 ἦν·
974 2756 1014 2832 τῷ

211 2843 333 2924 μεγίστη
352 2842 427 2904 τίσις
445 2839 499 2917 ἤδη
519 2840 675 2916 ἀδικηθέντι
695 2841 804 2922 ἐγένετο
825 2841 935 2901 πάντων
957 2844 1013 2900 τῶν

212 2930 292 3010 ἡμεῖς
312 2931 399 3007 ἴδμεν·
426 2927 533 2988 ἑλόντα
551 2929 606 3008 γάρ
628 2927 711 2988 αύτδν
731 2927 786 2987 ύπό
807 2929 950 3005 πολεμίοιν
967 2930 1013 2986 καὶ

161 3069 163 3074 .
212 3017 389 3095 πωλεόμενον
410 3014 520 3076 ιύνέεται
540 3014 701 3084 Πανιώνιος,
723 3015 792 3091 άνήρ
813 3020 892 3086 Χῖος,
911 3016 942 3079 ὃς
961 3017 1013 3090 τήν

213 3105 279 3181 ζόην
290 3103 483 3180 κατεστήσατο
497 3101 544 3160 άπ’
558 3103 644 3182 έργων
658 3101 860 3162 ἀνοσιωτάτων·
875 3103 945 3165 ὅκως
957 3103 1013 3182 γάρ

213 3191 348 3267 κτήσαιτο
356 3190 456 3252 παῖδας
465 3189 549 3251 εἴδεος
557 3189 737 3264 ἐπαμμένους,
744 3189 891 3266 ἐκτάμνων,
897 3189 1013 3270 άγινέων

213 3277 318 3337 ἐπόλεε
331 3283 359 3340 ἐς
372 3276 472 3352 Σάρδις
482 3301 513 3334 τε
523 3276 569 3333 καὶ
574 3275 702 3349 Ἔφεσον
712 3275 862 3352 χρημάτων
871 3276 1013 3354 μεγάλων·
