2262 3534
144 145 282 208 109-111]
450 142 636 195 KAAAIOHH.
895 149 942 195 333

143 225 173 286 δὲ
198 225 251 301 τήν
275 225 421 302 Ἑλλήνων
440 229 586 308 γλῶσσαν,
608 231 788 284 ΤΕΛΕΙΟΝ·
814 225 878 286 τότε
899 225 945 285 καὶ

143 311 194 388 τήν
208 313 336 389 κεφαλήν
354 318 461 391 σμᾶται
477 318 581 391 μοῦνον
599 313 747 390 βασιλεύς,
766 315 812 373 καὶ
829 315 946 392 Πέρσας

144 400 281 478 δωρέεται·
301 400 405 478 ταύτην
418 402 452 478 δή
466 403 517 479 τήν
535 403 641 480 ἡμέρην
655 402 809 478 φυλάξασα
822 402 841 476 ἦ
854 401 944 480 Ἀμη-

144 515 231 566 στρις,
245 488 342 568 χρῄζει
355 495 405 549 τοῦ
421 489 529 567 Ξέρξεω
548 491 665 566 δοθῆναί
681 495 708 550 οἱ
723 489 776 566 τήν
790 492 946 550 Μασίστεω

143 581 269 658 γυναῖκα·
291 577 306 636 ὁ
321 577 350 636 δὲ
363 577 452 637 δεινόν
464 605 496 638 τε
511 579 556 637 καὶ
569 578 705 656 α’νάρσιον
719 578 849 651 ἐποιέετο,
861 583 945 638 τοῦτο

143 667 195 741 μὲν
219 663 359 739 ἀδελφεοῦ
380 669 497 746 γυναῖκα
514 667 693 744 παραδοῦναι,
715 669 800 726 τοῦτο
821 667 851 724 δὲ
871 665 945 726 οἷναι-

143 755 205 828 τίην
230 757 332 813 εὀῦσαν
358 757 408 812 τοῦ
434 753 600 834 πρήγματος
620 753 730 815 τούτου·
765 758 868 830 συνῆκε
891 754 946 835 γάρ

144 845 194 902 τοῦ
208 841 308 901 εἵνεκεν
326 841 425 904 ἐδέετο.
467 843 555 906 Τέλος
571 844 675 919 μέντοι,
690 843 779 918 κείνης
795 868 826 901 τε
843 847 925 901 λιτα-
936 844 989 903 lll

144 929 264 1006 ρεούσης
277 929 323 988 καὶ
336 929 391 988 ύπδ
404 933 455 989 τοῦ
472 929 557 1006 νόμου
579 929 766 1011 ἐξεργόμενος·
788 929 831 989 ὅτι
845 930 947 1010 ἀτυχῆ·

146 1044 196 1076 σαι
213 1018 263 1078 τάν
283 1017 422 1096 χρῄζοντα
443 1016 476 1077 ού
496 1025 552 1094 σφι
573 1017 688 1077 δυνατόν
709 1023 770 1076 ἐστι
790 1019 947 1093 βασιληίου

146 1106 257 1166 δείπνου
270 1108 461 1184 προκειμένου·
480 1106 568 1182 κάρτα
582 1106 616 1182 δή
630 1105 717 1166 ἀέκων
731 1105 879 1165 κατανεύει·
901 1107 947 1164 καὶ

146 1193 287 1270 παραδούς
309 1195 397 1254 ποιέει
419 1192 479 1254 ὦδε·
513 1194 565 1270 τήν
585 1197 637 1271 μὲν
661 1193 766 1252 κελεύει
789 1194 892 1253 ποιέειν
912 1193 948 1252 τά

146 1281 291 1357 βούλεται,
306 1282 365 1342 ὅδὲ
382 1281 634 1360 μεταπεμψάμενος
651 1281 700 1341 τδν
719 1280 858 1357 ἀδελφεὸν
870 1282 948 1361 λέγει

146 1368 221 1432 τάδε·
243 1381 260 1406 “
269 1371 417 1440 Μασίστα,
430 1370 467 1430 σύ
489 1370 527 1432 εἶς
543 1371 664 1447 Δαρείου
679 1395 710 1429 τε
728 1373 801 1438 παῖς,
820 1369 865 1428 καὶ
882 1369 948 1446 ε’μός

147 1455 295 1534 ἀδελφεάς·
316 1457 386 1535 πρδς
399 1457 422 1518 δ’
437 1460 476 1518 ἔτι
489 1457 623 1527 τούτοισι,
638 1457 684 1515 καὶ
698 1456 736 1520 εἶς
748 1455 818 1534 α’νήρ
832 1455 946 1538 ἁγαθός·

147 1547 255 1624 γυναικὶ
279 1546 313 1622 δή
334 1546 421 1625 ταύτῃ
444 1551 479 1624 τῇ
500 1550 549 1605 νῦν
569 1546 727 1614 συνοικέεις,
751 1544 791 1622 μή
813 1545 948 1605 συνοίκεε·

148 1632 226 1692 άλλά
238 1660 282 1693 τοι
295 1633 353 1694 ἀντ’
367 1633 451 1709 αὐτῆς
465 1633 519 1714 ε’γιδ
537 1633 633 1710 δίδωμι
648 1635 786 1714 θυγατέρα
804 1633 856 1710 τήν
870 1633 949 1710 ἐμήν·

147 1721 234 1800 ταύτῃ
248 1723 381 1794 συνοίκεε,
395 1721 447 1798 τήν
461 1722 491 1781 δὲ
504 1725 552 1782 νῦν
566 1723 645 1801 ἔχεις,
659 1721 691 1780 ού
707 1722 761 1802 γὰρ
775 1723 864 1782 δοκέει
878 1722 949 1799 ἐμοὶ,

147 1813 187 1887 μή
211 1811 257 1889 έχε
277 1809 419 1891 γυναῖκα·”
440 1809 455 1869 ὁ
477 1810 507 1868 δὲ
529 1812 683 1886 Μασίστης
704 1809 894 1888 ἀποθωμάσας
914 1809 950 1870 τά

149 1897 295 1978 λεγόμενα,
310 1899 387 1978 λέγει
400 1898 475 1956 τάδε·
497 1897 545 1955 “ὧ
565 1898 697 1967 δέσποτα,
711 1899 773 1957 τίνα
793 1925 842 1974 μοι
862 1899 951 1978 λόγον

149 1985 241 2066 λέγεις
262 1985 413 2064 ἄχρηστον,
437 1984 555 2044 κελεύων
576 2011 612 2060 με
634 1989 759 2065 γυναῖκα,
779 1991 809 2044 έκ
830 1990 880 2060 τῆς
902 2011 952 2062 μοι

149 2073 245 2136 παῖδες
266 2075 369 2149 νεηνίαι
390 2074 422 2132 τέ
442 2077 497 2132 εἰσι
521 2073 567 2130 καὶ
591 2072 746 2149 θυγατέρες,
768 2077 823 2132 τιῦν
844 2073 890 2130 καὶ
913 2073 950 2132 σῦ

149 2161 216 2237 μίαν
229 2166 267 2240 τῷ
280 2162 357 2220 παιδὶ
372 2165 411 2240 τῷ
427 2165 550 2220 σεωυτοῦ
568 2159 673 2242 ἠγάγεο
691 2164 816 2242 γυναῖκα,
831 2160 901 2236 αῦτή
918 2161 950 2220 τέ

149 2275 199 2325 μοι
222 2247 293 2308 κατὰ
316 2249 380 2308 νόον
403 2248 535 2330 τυγχάνει
558 2247 646 2326 κάρτα
670 2252 765 2318 ἐοῦσα,
787 2247 890 2324 ταύτην
913 2273 949 2324 με

150 2336 271 2400 κελεύεις
283 2337 408 2413 μετέντα,
423 2337 561 2417 θυγατέρα
574 2336 626 2412 τήν
639 2336 695 2412 σήν
712 2341 819 2418 γῆμαι;
841 2336 895 2416 ε’γιδ
912 2337 949 2406 δὲ,

149 2427 283 2501 βασιλεῦ,
307 2425 381 2506 μέγα
403 2426 456 2500 μὲν
477 2427 608 2502 ποιεῦμαι
635 2423 792 2502 ἀξιεύμενος
816 2423 952 2504 θυγατρὸς

150 2516 200 2588 τῆς
223 2516 285 2588 σῆς,
308 2511 419 2588 ποιήσω
442 2513 538 2589 μέντοι
560 2512 665 2572 τούτων
688 2511 826 2590 οὐδέτερα·
861 2511 899 2572 σύ
923 2513 957 2572 δὲ.

150 2601 284 2677 μηδαμῶς
296 2602 353 2677 βιῶ
365 2599 531 2681 πρήγματος
543 2600 652 2660 τοιοῦδε
668 2599 805 2677 δεόμενος·
826 2600 952 2680 α’λλοὶτῇ

150 2693 241 2767 πεσῇ
266 2689 382 2768 θυγατρὶ
403 2687 473 2765 ἀνὴρ
495 2687 584 2752 ἄλλος
606 2688 764 2764 φανήσεται
787 2693 852 2766 ἐμεῦ
874 2689 953 2749 οὐδὲν

151 2776 258 2852 ἥσσων,
281 2778 331 2854 ε’μέ
351 2803 382 2836 τε
406 2776 438 2834 ἔα
460 2776 570 2857 γυναικὶ
587 2780 623 2854 τῇ
644 2781 697 2855 ἐμῇ
719 2777 896 2838 συνοικέειν.”
936 2776 953 2837 ά

151 2867 203 2941 μὲν
226 2864 260 2940 δὴ
283 2863 437 2924 τοιούτοισι
457 2863 614 2942 ἀμείβεται·
642 2865 748 2942 Ξέρξης
769 2865 799 2923 δὲ
820 2865 954 2941 θυμωθεὶς

152 2953 230 3034 λέγει
250 2952 325 3012 τάδε·
347 2951 445 3012 (ὀῦτω
465 2978 517 3022 τοι,
540 2954 688 3022 Μασίστα,
703 2953 868 3029 πέπρηκται·
891 2951 954 3012 οὔτε

152 3039 207 3122 γάρ
232 3040 266 3101 άν
289 3067 334 3102 τοι
357 3039 428 3120 δήην
452 3041 590 3121 θυγατέρα
610 3039 662 3116 τήν
682 3039 751 3116 ἐμήν
770 3043 867 3120 γῆμαι,
890 3039 954 3100 οὕτε

153 3130 242 3207 ε’κείνη
260 3133 369 3188 πλεῦνα
386 3127 488 3206 χρόνον
504 3127 689 3202 συνοικήσεις·
711 3127 746 3190 οἷς
763 3127 855 3206 μάθης
866 3127 902 3186 τά
915 3127 953 3186 δι·

153 3215 256 3294 δάμενα
283 3213 437 3274 δέκεσθαι.”
478 3213 494 3274 ὁ
518 3216 548 3273 δὲ
571 3214 605 3276 ὥς
628 3218 716 3274 ταῦτα
738 3213 850 3289 ἤκουσε,
875 3215 954 3279 εἶπας

153 3304 278 3428 τοχύνδε,
312 3303 411 3380 ε’χιύρεε
441 3302 500 3370 ἔξω·
542 3313 560 3338 “
568 3302 700 3370 δέσποτα,
729 3301 761 3360 ού
791 3302 826 3376 δή
855 3302 893 3361 κού
919 3330 954 3370 με

213 3387 281 3430 .-ἳίἰ
