2268 3536
155 168 262 232 33-37]
491 167 603 213 κοιτα.
632 167 635 174 ·
924 162 953 214 71

154 249 184 312 ὃς
199 249 232 308 οἷν
246 253 338 323 σφεας
351 244 483 310 ἀπιόντας
498 253 527 306 ἐκ
541 251 591 306 τοῦ
605 249 665 323 ἰροῦ
679 249 787 322 πρῶτος
803 245 849 303 ἐπὶ
870 244 956 313 ξείνια

155 339 273 415 καλέσῃ·
296 336 381 398 ἰόντες
402 337 431 394 δέ
454 339 480 394 οἶ
504 335 646 415 Δόλογκοι
665 333 716 408 τήν
740 333 801 410 ἱρήν
824 332 888 392 ὁδόν
910 331 956 390 διά

154 426 269 483 Φωκέων
281 449 313 484 τε
327 425 372 481 καί
386 428 514 483 Βοιωτῶν
528 422 622 497 ἤϊσαν·
645 422 693 479 καί
710 427 801 496 σφεας
820 420 854 482 (ῦς
868 420 955 482 οὐδεὶς

154 511 258 583 ἐκάλεε,
288 512 471 588 ἐκτράπονται
499 510 540 570 ἐπ’
567 509 715 586 Ἀθηνέων.
757 507 805 567 Ἐν
832 509 860 566 δὲ
887 513 955 586 τῇσι
965 510 1002 566 35

152 599 290 679 Ἀθήνῃσι
305 604 455 675 τηνικαῦτα
476 601 533 678 εἶχε
554 603 605 676 μὲν
623 592 726 656 τόποῒν
741 595 840 672 κράτος
855 597 953 654 Πεισί-

152 714 281 764 στρατος,
296 686 366 764 άτιίρ
380 687 544 746 ἐδυνάστευε
562 688 608 744 καὶ
617 684 775 758 Μιλτιάδης
789 683 804 742 ό
819 683 954 759 Κυψέλου

153 775 204 835 ἐοίν
229 777 316 852 οἰκίης
339 775 593 853 τεθριπποτρόφου,
617 773 652 833 τά
676 775 728 849 μὲν
752 771 884 830 α’νέκαθεν
908 769 955 830 ἐπ’

152 867 258 923 Αἰακοῦ
277 891 309 923 τε
328 865 373 923 καὶ
388 865 502 944 Αἰγίνης
515 862 636 944 γεγονός
649 861 684 924 τοὶ
699 861 728 918 δὲ
742 859 859 936 νεώτερα
872 857 955 934 Ἀθη-

151 957 235 1020 ναῖος,
250 953 369 1011 Φιλαίου
391 957 441 1010 τοῦ
456 953 573 1014 Αἴαντος
594 949 692 1012 παιδός
710 949 859 1029 γενομένου
880 947 953 1023 πρά-

150 1064 200 1096 του
219 1045 269 1115 τῆς
290 1041 376 1115 οἰκίης
389 1039 490 1115 ταύτης
503 1039 661 1114 Ἀθηναίου.
705 1035 784 1098 οὗτος
799 1037 813 1093 ό
828 1035 949 1094 Μιλτιά-

153 1125 200 1200 δης
223 1127 373 1203 κατήμενος
398 1133 427 1186 ἐν
447 1131 524 1185 τοῖσι
551 1126 719 1203 προθύροισι
741 1128 817 1183 τοῖσι
842 1127 951 1192 ἑωυτοῦ,

153 1211 309 1288 ὁρέωντοῦς
319 1215 480 1293 Δολόγκους
490 1214 639 1289 παριόντας
654 1215 759 1286 ἐσθῆτα
774 1213 887 1288 ἔχοντας
902 1211 951 1269 οῦκ

153 1303 288 1380 ἐγχωρίην
302 1303 347 1360 καὶ
362 1301 472 1379 αἰχμάς,
486 1301 705 1378 προσεβώσατο·
728 1300 776 1357 καί
791 1305 846 1374 σφι
864 1325 953 1376 προσ-

153 1390 270 1448 ελθοῦσι
287 1390 476 1470 ἐπηγγείλατο
495 1388 660 1468 καταγωγήν
682 1388 727 1446 καὶ
748 1388 842 1456 ξείνια.
886 1389 912 1446 οἶ
925 1387 955 1446 δὲ

152 1476 295 1554 δεξάμενοι
309 1478 354 1534 καὶ
368 1477 550 1546 ξεινισθέντες
563 1475 609 1534 ὕπ’
623 1475 715 1546 αὐτοῦ,
731 1476 877 1550 ἐξέφαινον
897 1479 954 1534 πᾶν

152 1566 178 1621 οἰ
191 1564 223 1622 τό
236 1563 380 1640 μαντήϊον·
403 1563 571 1641 ἐκφήναντες
590 1565 619 1622 δὲ
633 1565 741 1624 ἐδέοντο
756 1563 834 1622 αῦτοὶ
847 1569 885 1643 τῷ
900 1565 952 1642 θεῷ

150 1677 199 1727 μιν
211 1653 367 1710 πείθεσθαι.
407 1653 565 1711 Μιλτιάδεα
579 1653 609 1711 δὲ
622 1652 951 1730 άκούσανταπαραυίίκα

152 1739 245 1798 ἔπεισε
259 1739 274 1798 ὁ
290 1740 382 1819 λόγος,
398 1740 443 1798 οἶα
464 1739 620 1818 α’χθόμενόν
641 1767 671 1800 τε
690 1767 725 1818 τη
739 1741 951 1818 Πεισιστράτου

151 1826 226 1906 α’ρχῇ
251 1829 296 1885 καὶ
318 1827 495 1902 βουλόμενον
520 1834 548 1886 ἐκ
573 1830 665 1888 ποδῶν
690 1829 768 1888 εἶναι·
797 1829 895 1888 αὐτίκα
921 1829 950 1886 δὲ

152 1915 257 1991 ἐστάλη
280 1920 306 1978 ἐς
328 1916 459 1990 Δελφοῦς
478 1917 693 1993 ἐπειρησόμενος
714 1916 747 1976 τό
769 1917 950 1996 χρηστήριον,

152 2006 175 2060 εἰ
195 2004 289 2078 ποιοίη
311 2003 346 2062 τά
367 2030 419 2079 περ
438 2004 522 2062 αῦτοῦ
541 2009 568 2063 οἱ
587 2005 730 2084 Δόλογκοι
749 2005 949 2080 προσεδέοντο;

152 2091 331 2168 Κελευυόοης
350 2093 379 2150 δέ
396 2093 441 2150 καὶ
458 2097 509 2167 τῆς
522 2094 640 2167 Πυθίης,
656 2093 726 2151 οὕτω
743 2092 777 2166 δή
793 2091 996 2165 Μιλτιάδης36

151 2177 167 2236 ό
188 2181 332 2257 Κυψέλου,
349 2179 493 2256 Ὀλύμπια
514 2179 667 2256 άναιρηκιῦς
690 2179 825 2256 πρότερον
846 2178 949 2237 τούτων

150 2268 299 2348 τεθρίππῳ,
323 2269 387 2328 τότε
410 2267 587 2343 παραλαβών
609 2266 763 2342 Ἀθηναίων
788 2265 877 2324 πάντα
901 2266 950 2326 τόν

150 2357 325 2433 βουλόμενον
346 2357 472 2433 μετέχειν
492 2359 541 2413 τοῦ
562 2353 677 2423 στόλου,
695 2355 777 2412 ἔπλεε
799 2353 857 2431 ἅμα
873 2359 949 2414 τοῖσι

151 2443 325 2526 Δολόγκοισι
339 2445 385 2502 καὶ
400 2445 467 2522 ἔσχε
479 2441 531 2518 τήν
542 2441 644 2521 χώρην·
660 2443 708 2501 καί
715 2468 763 2519 μιν
774 2445 800 2501 οἱ
812 2444 948 2524 ἐπαγαγό-

149 2557 228 2606 μενοι
248 2532 381 2610 τύραννον
404 2531 622 2607 κατεστήσαντο.
664 2530 680 2590 ό
708 2532 736 2591 δὲ
763 2537 873 2608 πρῶτον
897 2537 948 2609 μὲν

149 2619 310 2699 α’πετείχισε
325 2621 374 2680 τόν
395 2620 498 2696 ἰσθμόν
518 2623 568 2696 τῆς
581 2620 767 2696 Χερσονήσου
782 2623 949 2697 ἐκιΚαρδίης

148 2707 248 2772 πόλιος
262 2715 288 2771 ἐς
297 2708 438 2783 Πακτύην,
451 2709 494 2766 ἵνα
507 2708 547 2785 μή
563 2710 651 2786 ἐχοιέν
665 2707 758 2784 σφεας
772 2712 798 2767 οἱ
808 2708 948 2785 ’Δψίνθιοι

149 2796 301 2870 δηλέεσθαι
315 2797 507 2872 ἐσβάλλοντες
521 2802 548 2859 ἐς
561 2796 612 2872 τήν
625 2796 727 2874 χώρην.
761 2797 815 2856 εἰσὶ
830 2797 858 2855 δὲ
872 2794 948 2855 οῦτοι

148 2883 259 2942 στάδιοι
276 2885 306 2954 ἐξ
321 2911 351 2942 τε
366 2884 411 2942 καὶ
424 2884 572 2960 τριήκοντα
585 2889 634 2943 τοῦ
651 2887 763 2962 ἰσθμοῦ·
785 2884 840 2944 α’πό
855 2886 884 2943 δὲ
898 2888 948 2943 τοῦ

149 2971 252 3047 ἰσθμοῦ
270 2973 369 3032 τούτου
387 2971 405 3048 ή
420 2972 601 3049 Χερσόνησος
623 2973 689 3030 εἵσω
710 2973 791 3032 πᾶσά
805 2977 866 3030 ἐστι
881 2997 947 3029 στα-

148 3059 212 3118 δίων
231 3061 320 3120 εἰκοσι
338 3062 383 3118 καὶ
401 3061 587 3136 τετρακοσίων
605 3061 637 3119 τό
651 3066 748 3138 μῆκος.
791 3059 994 3135 Ἀποτειχί-37

148 3173 202 3210 σας
221 3147 257 3207 ὧν
275 3149 323 3208 τόν
345 3148 448 3226 αῦχένα
468 3153 518 3223 τῆς
535 3150 720 3225 Χερσονήσου
742 3148 758 3208 ὁ
780 3145 946 3220 Μιλτιάδης,

148 3237 194 3294 καί
216 3237 280 3298 τοῦς
296 3237 456 3312 Ἀψινθίους
473 3236 567 3316 τρόπῳ
585 3236 700 3315 τοιούτῳ
722 3236 871 3312 ὠσάμενος,
893 3237 948 3292 τῶν

148 3329 255 3382 λοιπιῦν
268 3325 404 3400 πρώτοισι
419 3326 578 3400 ἐπολέμησε
590 3329 816 3400 Λαμψακηνοῖσι·
840 3323 887 3392 καί
898 3349 946 3397 μιν

1045 3417 1122 3492 Δ
