2276 3538
143 170 251 235 21-25]
457 170 641 220 HOATMNIA.
893 171 939 220 133

142 253 202 324 μὲν,
217 248 360 308 κατώτατα
374 253 512 320 ἑστεῶτες,
527 247 664 326 ώρυσσον·
687 250 775 327 ἕτεροι
789 250 818 310 δέ
831 250 940 327 παρεδί·

142 339 231 397 δοσαν
251 337 301 398 τόν
323 338 375 396 αἰεὶ
399 337 622 414 ἐξορυσσόμενον
645 341 715 416 χοῦν
738 337 855 397 ἄλλοισι
877 365 940 397 κατ-

142 425 245 503 ύπερθε
267 429 384 484 ἑστεῶσι
407 425 452 484 ἐπὶ
469 423 594 501 βάθρων·
616 428 642 484 οἱ
663 425 685 484 δ’
706 425 741 484 αὖ
760 425 939 502 ἐκδεκόμενοι,

143 516 270 591 ἑτέροισι,
294 515 342 576 ἕως
365 512 498 573 ἀπίκοντο
520 519 547 577 ἐς
568 513 632 576 τούς
654 511 791 572 ἀνωτάτω·
813 511 889 572 οὗτοι
911 514 940 572 δέ

143 601 290 680 ἐξεφόρεόν
303 627 334 662 τε
348 603 394 660 καὶ
408 601 574 678 ἐξέβαλλον.
601 605 677 660 τοῖσι
689 602 741 679 μέν
754 627 802 662 νυν
812 599 940 686 ἀλλοισι,

142 690 218 766 πλὴν
244 692 385 761 Φοινίκων,
413 689 664 772 καταρρηγνύμενοι
691 693 718 750 οἱ
745 690 862 766 κρημνοὶ
891 694 941 748 τοῦ

142 777 298 859 ὀρύγματος
317 778 403 838 πόνον
422 777 572 854 διπλήσιον
592 782 734 857 παρεῖχον·
756 777 804 838 ἀπε
817 777 872 858 γάρ
889 781 941 837 τοῦ

141 891 172 924 τε
184 864 240 926 ἅνω
254 865 395 942 στόματος
409 866 454 924 καὶ
467 870 517 925 τοῦ
531 865 604 925 κάτω
617 866 652 925 τά
666 865 735 925 αὐτά
747 867 835 943 μέτρα
850 893 939 925 ποιευ-

141 955 238 1030 μένων,
253 955 357 1030 ἔμελλέ
369 961 425 1030 σφι
438 958 548 1013 τοιοῦτο
562 952 774 1030 ἀποβήσεσθαι·
796 958 823 1014 οἱ
837 955 866 1014 δὲ
876 955 940 1014 Φοί-

141 1067 213 1104 νικες
223 1043 330 1118 σοφίην
344 1043 372 1102 ἐν
384 1069 415 1101 τε
427 1047 504 1102 τοῖσι
516 1039 634 1101 ἄλλοισι
648 1043 755 1122 ἔργοισι
768 1041 940 1102 ἀποδείκνυν-

141 1155 196 1198 ται,
211 1129 256 1187 καὶ
274 1130 307 1205 δή
327 1131 372 1188 καὶ
391 1135 420 1190 ἐν
441 1129 541 1208 ἐκείνῳ·
563 1129 754 1208 ἀπολαχόντες
767 1130 821 1210 γάρ
842 1131 940 1207 μόριον

141 1214 212 1275 ὅσον
232 1215 343 1276 αύτοῖσι
360 1219 512 1294 ἐπέβαλλε,
528 1217 652 1294 όρυσσον
664 1217 697 1276 τό
710 1221 762 1294 μὲν
775 1217 830 1277 ἅνω
845 1218 940 1294 στόμα

141 1307 192 1378 τῆς
205 1303 336 1383 διώρυχος
349 1310 488 1368 ποιεῦντες
502 1305 654 1380 διπλήσιον
670 1303 688 1380 ἢ
703 1305 773 1364 ὅσον
787 1305 840 1364 ἔδει
854 1305 940 1380 αὐτὴν

140 1391 193 1467 τήν
211 1391 330 1470 διώρυχα
348 1394 489 1474 γενέσθαι·
510 1394 713 1470 προβαίνοντος
732 1393 761 1451 δέ
782 1397 831 1452 τοῦ
850 1395 939 1474 ἔργου,

141 1485 264 1560 συνῆγον
278 1482 339 1540 αίεί·
361 1481 433 1540 κάτω
446 1507 477 1540 τε
490 1481 524 1557 δὴ
539 1481 652 1562 ἐγίνετο,
664 1483 708 1542 καὶ
723 1483 851 1551 ἐξισοῦτο
864 1485 940 1542 τοῖσι

141 1566 257 1627 ἀλλοισι
270 1569 302 1628 τό
318 1569 407 1650 ἔργον.
449 1571 566 1630 ἐνθαῦτα
580 1570 609 1628 δέ
623 1569 727 1646 λειμών
741 1575 810 1639 ἐστι,
826 1571 870 1630 ἵνα
883 1577 939 1646 σφι

141 1653 230 1736 ἀγορή
242 1682 273 1715 τε
287 1657 391 1737 ἐγίνετο
406 1659 451 1716 καὶ
461 1657 623 1735 πρητήριον·
638 1661 717 1722 σῖτος
727 1659 758 1718 δέ
767 1665 855 1735 σφισι
869 1663 939 1718 πολ-

140 1743 191 1806 λός
212 1745 312 1820 ἐφοίτα
333 1750 363 1803 ἐκ
384 1749 435 1820 τῆς
455 1745 554 1821 Ἀσίης
574 1745 776 1823 ἀληλεσμένος.
818 1747 866 1810 Ὡς
885 1751 985 1824 μέν24

141 1833 189 1906 ἐμὲ
205 1832 459 1908 συμβαλλεόμενον
476 1833 620 1910 εῦρίσκειν,
634 1835 888 1916 μεγαλοφροσύνης
902 1837 936 1895 εἴ·

141 1944 206 1977 νεκα
222 1919 290 1979 αύτό
305 1921 410 1996 Ξέρξης
423 1919 556 1998 ὀρύσσειν
570 1923 686 1992 ἐκέλευε,
702 1925 805 1984 ἐθέλων
818 1951 849 1982 τε
862 1924 938 1984 δύνα·

140 2032 188 2082 μιν
201 2005 417 2068 ἀποδείκνυσθαι
431 2009 476 2067 καὶ
489 2009 657 2086 μνημόσυνα
670 2012 813 2070 λιπέσθαι·
835 2013 939 2088 παρεόν

140 2094 195 2174 γάρ
215 2095 320 2170 μηδένα
340 2096 427 2157 πόνον
448 2097 592 2173 λαβόντας
614 2097 665 2156 τόν
687 2098 789 2174 ἰσθμόν
807 2098 857 2161 τάς
878 2101 939 2164 νέας

141 2181 284 2258 διειρύσαι,
305 2183 438 2260 ἀμύσσειν
459 2187 568 2244 ἐκέλευε
592 2185 711 2262 διώρυχα
734 2189 770 2262 τῇ
795 2185 937 2265 θαλάσσῃ,

140 2267 220 2346 εῦρος
238 2270 273 2334 ώς
292 2271 340 2330 δύο
361 2273 488 2350 τριήρεας
504 2274 601 2332 πλέειν
621 2273 691 2349 ὁμοῦ
710 2275 937 2351 ἐλαστρευμένας.

139 2360 216 2417 τοῖσι
229 2358 259 2416 δέ
272 2358 385 2418 αύτοῐσι
397 2359 531 2432 τούτοισι,
546 2361 626 2419 τοῖσί
639 2387 691 2438 περ
709 2362 754 2420 καὶ
770 2361 803 2422 τό
821 2361 938 2443 ὄρυγμα,

139 2447 346 2522 προσετέτακτο
366 2448 413 2506 καὶ
429 2447 478 2508 τόν
492 2447 638 2525 Στρυμόνα
654 2447 783 2526 ποταμόν
800 2449 945 2521 ζεύξαντας

139 2537 313 2612 γεφυρῶσαι.

180 2625 274 2680 Ταῦτα
286 2622 339 2698 μέν
351 2648 399 2682 νυν
413 2622 484 2682 οὕτω
494 2625 592 2683 ἐποίεε·
613 2626 840 2702 παρασκευάζετο
854 2628 883 2687 δέ
894 2629 940 2686 καὶ
948 2632 985 2686 25

139 2705 217 2766 ὅπλα
239 2714 267 2771 ἐς
288 2709 338 2772 τοὶς
355 2710 480 2791 γεφύρας
497 2711 626 2788 βύβλινά
646 2739 677 2772 τε
699 2715 745 2773 καὶ
766 2717 939 2786 λευκολίνου,

140 2796 272 2865 ἐπιτάξας
294 2798 402 2868 Φοίνιξί
420 2825 451 2858 τε
473 2800 519 2858 καὶ
540 2802 720 2880 Αἰγυπτίοισι
742 2805 788 2862 καὶ
810 2807 888 2865 σιτία
905 2810 940 2883 τῇ

139 2888 260 2962 στρατιῇ
283 2886 483 2962 καταβάλλειν,
504 2889 549 2948 ἵνα
565 2889 605 2965 μη
628 2889 752 2968 λιμῄνειε
774 2890 793 2966 ἦ
811 2894 939 2969 στρατιη,

138 2971 210 3046 μηδὲ
222 2972 258 3032 τά
271 2971 407 3054 ύποζύγια
422 2975 592 3053 ἐλαυνόμενα
603 2978 649 3035 ἐπὶ
661 2978 713 3053 τήν
725 2977 861 3037 Ἑλλάδα·
876 2979 938 3038 ἀνα-

139 3059 295 3136 πυθόμενος
311 3061 340 3119 δέ
361 3061 425 3125 τούς
437 3062 551 3140 χώρους,
566 3065 758 3141 καταβάλλειν
772 3068 881 3125 ἐκέλευε
898 3068 942 3126 ἵνα

140 3147 357 3223 ἐπιτηδειότατον
376 3150 426 3224 εἴη,
448 3149 539 3211 ἄλλον
560 3151 635 3230 άλλη
656 3153 816 3232 ἀγινέοντας
836 3152 940 3213 ὁλκάσι

138 3261 170 3292 τε
184 3235 230 3293 καὶ
243 3236 428 3312 πορθμηίοισι
444 3244 473 3296 ἐκ
490 3243 540 3315 τῆς
553 3239 651 3316 Ἀσίης
665 3241 849 3318 πανταχόθεν.
891 3240 941 3302 τόν

139 3321 170 3382 δέ
188 3321 226 3382 ὦν
243 3327 381 3382 πλεῖστον
402 3329 429 3386 ἐς
451 3327 559 3399 Λευκήν
576 3327 679 3402 Ἀκτὴν
701 3328 872 3404 καλεομένην
891 3333 941 3407 τῆς

150 3407 243 3455 Im]
