2278 3538
142 168 252 234 35-89]
465 167 619 218 οτυκυιι.
895 171 943 217 253

143 248 190 307 καὶ
213 245 356 324 συνήνεικε
378 247 535 326 ποιησάσῃ·
570 247 722 324 διωκομένη
741 245 797 329 γὰρ
818 247 873 308 ὖπδ
894 250 944 322 τῆς

144 334 279 412 Ἀττικῆς,
307 337 435 414 φέρουσα
463 337 582 413 ἐνέβαλε
609 336 655 412 νηῒ
675 337 768 414 φιλίῃ,
789 335 894 412 ἀνδρῶν
914 357 945 394 τε

145 424 312 484 Καλυνδέων
333 424 380 482 καὶ
400 423 484 483 αὐτοῦ
506 424 687 486 ἐπιπλέοντος
707 427 757 482 τοῦ
778 423 945 483 Καλυνδέων

146 512 284 590 βασιλέος
305 510 521 589 Δαμασιθύμου·
543 517 567 570 εἰ
586 513 638 588 μὲν
658 512 706 587 καί
722 537 749 570 τι
768 515 856 574 νεῖκος
874 511 945 588 πρδς

146 598 230 660 αὐτὸν
254 600 379 681 ἐγεγόνεε
401 603 440 660 ἔτι
461 601 525 677 περὶ
545 598 762 674 Ἑλλήσποντον
784 599 889 668 ἐόντων,
913 598 946 659 οὗ

146 689 240 764 μέντοι
267 689 353 768 ἔγωγε
380 688 433 767 ἔχω
461 691 555 758 εἰπεῖν,
581 689 635 748 εἴτε
662 691 691 746 ἐκ
719 689 849 764 προνοίης
876 686 947 748 αὐτοὶ

145 776 270 850 ἐποίησε,
292 776 347 834 είτε
374 775 546 852 συνεκύρησε
572 775 591 852 ἡ
612 780 667 836 τῶν
688 776 855 835 Καλυνδέων
876 776 946 835 κατὰ

146 862 233 941 τύχην
255 867 462 940 παραπεσοῦσα
485 869 559 940 νηῦς·
594 863 629 927 ὥς
652 864 681 922 δέ
705 866 824 940 ἐνέβαλέ
845 890 876 923 τε
900 865 946 924 καὶ

147 951 288 1025 κατέδυσε,
310 949 422 1030 εὐτυχίη
440 952 614 1031 χρησαμένη,
631 953 717 1010 διπλᾶ
734 952 836 1027 ἑωυτήν
854 951 946 1033 ἀγαθὰ

147 1038 297 1118 ἐργάσατο·
319 1039 335 1099 ὅ
355 1066 386 1100 τε
406 1039 462 1121 γοὶρ
482 1044 532 1116 τῆς
547 1039 676 1115 Ἀττικῆς
695 1041 760 1115 νηὸς
779 1040 946 1119 τριήραρχος

147 1126 183 1188 ὥς
209 1125 265 1186 εἶδέ
289 1153 337 1204 μιν
359 1127 566 1205 ἐμβάλλουσαν
588 1129 633 1204 νηῒ
656 1127 761 1204 ἀνδρῶν
781 1128 945 1204 βαρβάρων,
1019 1152 1022 1158 ’

147 1215 266 1290 νομίσας
277 1215 330 1292 τήν
343 1221 397 1292 νῆα
409 1216 461 1292 τήν
473 1215 653 1293 Ἀρτεμισίης
667 1214 686 1292 ἢ
699 1216 852 1291 Ἑλληνίδα
869 1215 945 1285 εἶναι,

146 1299 165 1377 ῆ
184 1301 365 1381 αὐτομολέειν
382 1311 413 1364 ἐκ
433 1304 660 1381 τῶνβαρβάρων
681 1305 726 1363 καὶ
747 1303 857 1363 αὐτοῖσι
877 1303 946 1380 α’μύ-

147 1414 211 1459 νειν,
226 1389 407 1469 ἀποστρέψας
420 1391 490 1468 πρὸς
504 1391 594 1454 ἄλλος
609 1391 751 1468 ἐτράπετο.
791 1396 880 1450 Τοῦτο
893 1394 945 1468 μέν
956 1395 993 1450 88

147 1481 258 1538 τοιαῦτα
275 1478 345 1558 αὐτῆ
364 1479 507 1556 συνήνεικε
524 1480 664 1560 γενέσθαι,
680 1479 839 1559 διαφυγέειν
854 1505 885 1538 τε
901 1481 947 1538 καὶ

147 1564 188 1640 μή
206 1565 375 1628 α’πολέσθαι·
389 1572 472 1628 τοῦτο
491 1568 528 1636 δέ,
548 1568 657 1643 συνέβη
671 1566 743 1627 ὥστε
762 1567 847 1627 κακὸν
867 1571 945 1649 ἐργαέ

148 1655 282 1730 σαμένην,
306 1655 363 1715 ἀπὸ
383 1655 486 1716 τούτων
507 1653 595 1731 αὔτῆν
614 1654 742 1733 μάλιστα
763 1655 944 1733 εὐδοκιμῆσαι

148 1742 224 1819 παρὰ
237 1742 337 1822 Ξέρξῃ·
353 1744 466 1824 λέγεται
478 1743 533 1824 γὰρ
547 1745 674 1820 βασιλέα
688 1743 837 1821 θηεύμενον
849 1746 949 1820 μαθεῖν

148 1828 200 1904 τήν
213 1835 266 1906 νῆα
281 1834 475 1908 ἐμβαλοῦσαν·
494 1833 541 1891 καὶ
554 1832 589 1908 δή
601 1859 663 1892 τινα
677 1831 752 1892 εἶπαι
764 1835 819 1892 τῶν
832 1832 947 1908 παρεόν·

148 1943 211 1976 των·
233 1929 250 1953 “
259 1919 392 1988 δέσποτα,
407 1919 473 1998 ὁρᾷς
485 1920 674 1996 Ἀρτεμισίην,
689 1917 724 1982 οἷς
743 1919 772 1978 εδ
789 1919 948 1999 ἀγωνίζεται

149 2005 195 2064 καὶ
205 2009 259 2080 νῆα
268 2011 323 2066 τῶν
332 2011 475 2084 πολεμίων
486 2007 619 2066 κατέδυσε
625 2006 647 2075 ;”
665 2008 710 2065 καὶ
720 2007 769 2066 τὸν
780 2007 946 2082 ἐπείρεσθαι,

117 2134 121 2144 ,
150 2097 173 2152 εἰ
194 2092 319 2169 α’ληθέως
342 2096 403 2154 ἐστὶ
426 2094 605 2171 Ἀρτεμισίης
627 2093 660 2152 τδ
685 2094 782 2174 ἐργον;
816 2094 860 2150 καὶ
883 2093 947 2156 τούς

150 2179 237 2255 φέναι
250 2184 364 2258 σαφέως
377 2182 409 2241 τδ
430 2183 568 2258 ἐπίσημον
588 2185 639 2256 τῆς
654 2181 720 2256 νηδς
738 2181 946 2257 ἐπισταμένους·

148 2267 200 2344 τήν
219 2268 248 2328 δὲ
264 2269 470 2347 διαφθαρεῖσαν
485 2269 640 2346 ἠπιστέατο
659 2268 728 2328 εἶναι
745 2269 893 2344 πολεμίην·
914 2267 949 2327 τί

148 2382 180 2416 τε
192 2356 248 2438 γὰρ
261 2357 346 2432 ἅλλα,
362 2359 397 2421 ὦς
411 2359 524 2435 εἴρηται,
540 2357 611 2436 αὐτῇ
625 2356 768 2433 συνήνεικε
781 2362 808 2419 ἐς
822 2355 949 2436 εὐτυχίην

150 2445 293 2525 γενόμενα,
305 2447 351 2506 καὶ
363 2447 397 2506 τὸ
410 2450 465 2506 τῶν
476 2451 506 2505 ἐκ
518 2449 569 2522 τῆς
579 2445 755 2520 Καλυνδικῆς
766 2444 831 2520 νηὸς
843 2445 949 2520 μηδένα

150 2531 333 2596 α’ποσωθέντα
352 2534 507 2615 κατήγορον
526 2534 667 2616 γενέσθαι·
702 2534 808 2610 Ξέρξην
827 2533 856 2592 δέ
875 2533 950 2593 εἶπαι

115 2677 127 2692 ,
149 2621 262 2702 λέγεται
281 2623 352 2700 πρὸς
369 2623 405 2682 τὰ
423 2622 594 2700 φραζόμενα·
620 2633 637 2658 “
647 2625 673 2681 οἱ
689 2624 741 2697 μὲν
758 2620 853 2697 ἄνδρες
868 2621 948 2702 γεγό-

150 2711 219 2768 νασί
232 2737 281 2786 μοι
301 2715 436 2790 γυναῖκες·
458 2715 487 2770 αἱ
508 2711 536 2770 δέ
556 2713 683 2792 γυναῖκες
703 2709 822 2786 ἅνδρες.”
862 2713 949 2769 ταῦτα

150 2800 202 2872 μὲν
215 2799 322 2874 Ξέρξην
334 2800 409 2874 φασὶ
422 2797 504 2858 εἶπαι,

190 2881 240 2944 Ἐν
253 2885 282 2944 δὲ
295 2891 333 2965 τῷ
346 2885 421 2966 πόνῳ
433 2886 522 2966 τούτῳ
534 2884 591 2945 α’πδ
604 2888 656 2962 μέν
669 2887 748 2946 ἐθανε
761 2884 777 2945 ὁ
792 2885 949 2964 στρατηγδς
958 2885 994 2943 89

151 2969 334 3053 ’Ἀριαβίγνης
352 2974 367 3033 ὁ
387 2976 513 3052 Δαρείου,
534 2974 643 3050 Ξέρξεω
658 2975 709 3032 ἐών
725 2971 870 3046 ἀδελφεὸς,
892 2970 948 3030 ἆπδ

151 3058 181 3118 δέ
209 3058 294 3120 ἄλλοι
320 3064 429 3122 πολλοί
445 3087 476 3122 τε
497 3063 543 3121 καὶ
569 3061 723 3138 ὀνομαστοὶ
744 3060 877 3136 Περσέων
904 3059 951 3116 καὶ

151 3146 264 3224 Μήδων,
288 3151 334 3208 καὶ
351 3155 406 3210 τῶν
421 3149 517 3209 ἄλλων
535 3148 700 3227 συμμάχων·
724 3147 818 3226 ὀλίγοι
833 3146 864 3204 δέ
881 3171 952 3209 τινες

152 3237 197 3294 καὶ
210 3235 365 3313 Ἑλλήνων·
388 3237 436 3297 ἅτε
455 3237 510 3318 γὰρ
530 3238 600 3297 νέειν
621 3235 809 3310 ἐπιστάμενοι,
825 3237 902 3292 τοῖσι
922 3236 951 3292 αἶ

152 3327 213 3449 νήηες
233 3326 432 3442 ἓηεφθείροντο,
450 3325 496 3382 καὶ
511 3325 551 3400 μῆ
568 3330 597 3382 ἐν
611 3327 711 3402 χειρῶν
731 3319 806 3400 νόμῳ
826 3319 950 3381 α’πολλθ-
