2276 3538
131 135 257 198 98-101]
470 136 583 184 ανκια.
899 137 929 186 ου

129 216 306 294 ἐλάμβανον·
331 215 368 280 υἰς
387 216 418 274 δὲ
436 216 634 292 περιπλέοντες
652 215 704 279 τάς
718 215 822 292 νήσους
841 243 930 294 προσ-

130 305 217 383 έσχον
236 305 283 364 καὶ
296 310 323 367 ἐς
337 303 496 381 Κάρυστον,
516 303 561 383 (οὐ
579 303 634 384 γάρ
656 303 691 379 δή
712 311 768 380 σφι
790 309 816 364 οἱ
837 305 929 382 Καρύ-

129 418 205 453 στιοι
220 391 282 452 οὔτε
296 391 417 469 ὁμήρους
432 392 560 452 ἐδίδοσαν
581 391 644 450 οὔτε
665 393 775 467 ἔφασαν
789 393 834 450 ἐπὶ
848 393 930 456 πόλις

128 480 328 562 α’στυγείτονας
350 480 561 558 στρατεύεσθαι,
583 480 714 560 λέγοντες
733 479 877 556 Ἐρέτριάν
899 507 931 540 τε

130 569 176 626 καὶ
197 568 337 648 Ἀθήνας,)
360 569 478 628 ἐνθαῦτα
499 567 613 630 τούτους
635 566 815 644 ἐπολιόρκεόν
836 569 931 628 τεκαὶ

127 657 180 732 τὴν
193 661 247 738 γῆν
260 658 357 732 σφέων
371 658 483 734 ἔκειρον,
498 661 525 720 ἐς
546 655 561 716 ὃ
580 657 626 714 καὶ
647 659 673 714 οἱ
687 654 844 732 Καρύστιοι
860 683 930 732 παρ·

129 745 255 821 έστησαν
269 751 296 808 ἐς
308 751 363 806 τῶν
377 745 511 822 Περσέων
523 743 576 820 τήν
595 743 717 825 γνιόμην.
757 742 910 822 Ἐρετριέες
920 747 975 804 100

128 832 158 890 δὲ
179 833 381 912 πυνθανόμενοι
407 833 459 910 τὴν
483 833 618 910 στρατιὴν
638 833 690 908 τὴν
713 833 858 911 Περσικήν
882 834 928 892 ἐπὶ

128 921 221 995 σφέας
248 925 447 992 ἐπιπλέουσαν,
473 920 627 997 Ἀθηναίων
659 921 814 997 ἐδεήθησαν
840 922 928 997 σφίσι

126 1009 251 1082 βοηθούς
271 1011 413 1090 γενέσθαι·
433 1009 578 1085 Ἀθηναῖοι
592 1009 622 1068 δὲ
635 1009 685 1068 ούκ
705 1009 859 1069 ἀπείπαντο
877 1009 928 1085 τὴν

127 1098 294 1172 ἐπικουρίην,
308 1097 386 1156 άλλεί
401 1098 466 1160 τούς
485 1099 726 1174 τετρακισχιλίους
745 1098 928 1176 κληρουχέον-

124 1209 177 1245 τας
190 1188 245 1243 τῶν
260 1185 439 1260 ἱπποβοτέων
452 1185 615 1243 Χαλκιδέων
630 1184 682 1259 τὴν
698 1185 798 1263 χεόμην,
814 1184 928 1248 τούτους

125 1277 184 1346 σφι
206 1271 315 1331 διδοῦσι
336 1271 480 1349 τιμωρούς·
504 1275 560 1331 τῶν
582 1272 612 1330 δέ
634 1271 795 1348 Ἐρετριέων
818 1271 855 1347 ἦν
874 1271 928 1349 ἄρα

125 1357 206 1420 οὐδὲν
226 1359 301 1439 ιίγιές
320 1361 478 1437 βούλευμα·
500 1359 527 1419 οἰ
547 1360 759 1436 μετεπέμποντο
776 1362 827 1436 μέν
844 1358 927 1436 Ἀθη-

125 1447 226 1516 ναίους,
242 1448 376 1526 ἐφρόνεον
394 1448 424 1507 δὲ
440 1449 575 1524 διφασίας
596 1447 677 1510 ἰδέας·
699 1451 726 1507 οἰ
740 1451 792 1524 μὲν
805 1448 859 1530 γάρ
880 1447 927 1508 αύ-

124 1537 181 1594 τῶν
199 1536 385 1610 ἐβουλεύοντο
400 1540 524 1596 ἐκλιπεῖν
535 1536 588 1612 τὴν
601 1535 686 1596 πόλιν
700 1541 728 1600 ἐς
740 1537 776 1596 τά
790 1536 861 1614 ἄκρα
874 1543 925 1614 τῆς

124 1623 259 1700 Εὐβοίης,
274 1623 359 1684 άλλοι
373 1626 402 1684 δὲ
416 1626 505 1684 αὐτῶν
517 1625 573 1684 ἴδια
595 1626 691 1702 κέρδεα
707 1627 927 1703 προσδεκόμενοι

124 1711 202 1788 παριί
213 1716 264 1772 τοῦ
279 1714 397 1790 Πέρσεω
412 1715 550 1782 οἴσεσθαι,
564 1713 720 1791 προδοσίην
734 1715 924 1786 ἐσκευάζοντο·

123 1801 222 1876 μαθων
235 1801 265 1860 δὲ
277 1802 382 1861 τούτων
395 1801 510 1878 ἐκάτερα
529 1802 563 1865 ὥς
577 1801 635 1881 εἶχε
648 1804 785 1881 Αἰσχίνης
798 1802 815 1862 ὁ
829 1802 925 1862 Νόθω-

124 1914 180 1958 νος,
203 1889 254 1949 εἰιίν
277 1895 333 1952 τῶν
352 1889 512 1966 Ἐρετριέων
535 1891 571 1949 τά
594 1893 699 1968 πρῶτα,
724 1891 823 1967 φράζει
849 1895 926 1950 τοῖσι

124 1974 226 2051 ἥκουσι
254 1983 310 2039 τῶν
336 1978 489 2055 Ἀθηναίων
518 1980 610 2038 πάντα
637 1977 673 2038 τά
699 1978 839 2055 παρεόντα
869 1985 926 2053 σφι

124 2064 277 2146 πρήγματα
298 2067 465 2144 προσεδέετό
477 2094 508 2126 τε
522 2067 768 2126 άπαλλάσσεσθαί
786 2072 877 2140 σφεας
898 2072 925 2128 ἐς

123 2152 176 2226 τόν
197 2157 338 2232 σφετέρην
359 2157 402 2215 ἵνα
422 2155 462 2231 μη
483 2154 729 2230 προσαπόλωνται·
751 2156 777 2210 οἱ
794 2152 823 2210 δὲ
843 2151 925 2228 Ἀθη-

123 2244 197 2300 ναῖοι
209 2247 297 2302 ταῦτα
310 2245 432 2322 Αἰσχίνη
444 2239 694 2318 συμβουλεύσαντι
707 2240 859 2298 πείθονται·
879 2241 925 2298 καὶ

124 2325 201 2387 οὗτοι
218 2333 271 2406 μὲν
289 2331 436 2407 διαβάντες
455 2335 482 2392 ἐς
498 2327 627 2405 Ὠρωπόν
643 2328 746 2398 ἔσωζον
765 2328 857 2402 σφέας
875 2328 921 2387 αυ’-

122 2414 196 2478 τούς.
240 2422 276 2477 Οἰ
295 2419 324 2478 δὲ
341 2420 453 2495 Πέρσαι
468 2418 602 2478 πλέοντες
618 2415 757 2494 κατέσχον
774 2415 824 2479 τάς
842 2417 904 2480 νέας
915 2420 968 2478 101
985 2479 986 2482 ,

122 2507 173 2578 τῆς
185 2503 346 2584 Ἐρετρικῆς
358 2507 450 2585 χώρης
464 2504 534 2565 κατιί
547 2503 677 2581 Ταμύνας
690 2505 736 2562 καὶ
746 2505 865 2581 Χοιρέας
879 2507 924 2565 καὶ

123 2593 248 2671 Αἰγίλεα·
278 2595 466 2674 κατασχόντες
490 2595 519 2653 δὲ
541 2598 629 2652 ταῦτα
649 2593 684 2652 τά
704 2593 801 2670 χωρία,
826 2592 924 2653 αὐτίκα

124 2679 225 2742 ἵππους
232 2707 263 2740 τε
277 2683 476 2757 ἐξεβάλλοντο,
486 2682 531 2740 καί
541 2681 782 2757 παρεσκευάζοντο
792 2679 828 2744 οἰς
835 2707 924 2758 προσ-

122 2767 267 2843 οισόμενοι
287 2773 364 2829 τοῖσι
382 2771 523 2848 ἐχθροῖσι·
548 2772 575 2828 οἰ
595 2769 624 2826 δέ
642 2768 794 2845 Ἐρετριέες
812 2771 923 2839 ἐπεξελ-

122 2854 181 2913 θεῖν
207 2858 260 2931 μὲν
284 2858 329 2914 καί
352 2857 496 2935 μάχεσθαι
519 2856 569 2916 οὐκ
593 2857 735 2916 ἐποιεῦντο
755 2856 876 2932 βουλήν·
898 2858 924 2916 εἰ

122 2967 175 3004 κως
196 2943 226 3001 δὲ
248 2945 449 3020 διαφυλάξαιεν
464 2944 500 3004 τά
518 2946 621 3023 τείχεα,
641 2943 741 3003 τούτου
762 2950 819 3018 σφι
839 2945 921 3019 ἐμελε

121 3029 193 3106 πέρι,
209 3033 272 3090 ἐπεί
282 3058 313 3091 τε
329 3033 404 3090 ἐνίκα
421 3033 461 3108 μὴ
476 3036 600 3092 ἐκλιπεῖν
612 3030 665 3107 την
678 3031 773 3090 πόλιν·
789 3031 921 3105 προσβο-

120 3120 175 3192 λῆς
195 3118 225 3178 δέ
244 3120 390 3199 γινομένης
411 3124 544 3196 καρτερῆς
563 3119 633 3196 πρός
645 3119 678 3178 τό
692 3122 791 3196 τεῖχος,
808 3118 923 3176 ἔπιπτον

122 3205 169 3264 ἐπί
183 3207 213 3275 ἐξ
225 3207 332 3284 ἡμέρας
344 3209 450 3266 πολλοὶ
463 3211 515 3283 μέν
528 3207 704 3284 ἀμφοτέρων·
720 3209 757 3282 τῇ
771 3205 800 3261 δὲ
814 3201 925 3282 ἑβδόμη

120 3292 278 3370 Εὔφορβός
297 3320 327 3353 τε
342 3294 357 3353 ό
370 3294 545 3373 Ἀλκιμάχου
562 3295 608 3353 καὶ
621 3294 763 3373 Φίλαγρος
776 3291 792 3350 ὁ
806 3292 922 3360 Κυνέου,

1070 3379 1126 3466 Ι
