2276 3538
167 169 277 232 «ὄλ-55]
485 170 668 217 ΠΟΛΤΜΝῙΑ.
894 165 905 188 ⁸
923 169 968 216 145

167 247 259 326 πάρεξ
272 247 302 306 δὲ
314 247 421 317 τούτου,
437 253 466 308 ἐν
478 253 513 326 τῇ
525 249 647 327 ἡμετέρῃ
668 247 872 312 καταλιπόντας
888 247 971 308 τέκνα

167 361 199 395 τε
220 337 266 395 καὶ
286 340 417 417 γυναῖκας
431 338 476 395 καὶ
489 337 629 414 χρήματα,
645 336 701 395 οὐδ’
715 337 897 417 ἐπιλέγεσθαι
914 335 970 415 χρὴ

166 424 300 501 νεώτερόν
313 451 340 484 τι
354 425 491 499 ποιήσειν·
513 425 583 484 οὗτοι
596 425 669 539 μηδὲ
678 430 762 484 τοῦτο
776 426 883 536 φοβέο,
893 424 970 484 άλλά

95 586 98 590 ,
167 511 295 588 θυμδν”
281 539 350 591 εχων
376 511 490 624 άχαθόν,
512 513 637 584 σῶζε’
609 513 685 572 οικόν
707 539 738 572 τε
760 538 810 571 τον
834 512 900 587 ἐμόν
925 513 970 571 καὶ

164 600 365 676 τυραννίδα
331 627 382 675 την
401 600 479 677 ἐμήν·
500 603 548 660 σοὶ
568 600 623 708 χοῖρ
644 601 698 682 ἐγώ
710 599 803 679 μούνῳ
816 605 847 659 ἐκ
859 599 970 660 πάντων

166 692 300 764 σκῆπτρα
313 689 348 748 vd
364 687 417 764 ἐμοὶ
431 689 588 766 ἐπιτράπω]

209 777 348 835 Ταῦτα
323 803 401 839 ειπας
415 803 461 834 και
451 775 651 854 Ἀρτάβανον
671 776 869 840 άποστείλιις’
856 802 883 839 ες
897 779 967 840 Σοῦ·
977 779 1016 836 53

166 889 216 932 σα,
230 863 343 942 δεύτερα
355 865 553 943 μετεπέμψατο
567 867 672 942 Ξέρξης
686 866 820 942 Περσέων
840 865 904 927 τούς
924 864 967 923 δο-

166 952 346 1026 κιμωτάτους
368 959 428 1012 ἐπει
418 953 527 1012 δέ’
501 979 528 1012 σι
549 959 690 1030 παρῆσαν,
715 954 795 1034 ἔλεγέ
815 959 871 1029 σφι
892 953 967 1012 τάδε·

168 1045 186 1071 “
200 1033 350 1117 ’Πέρσαι
364 1040 441 1100 τῶνδ’
457 1040 510 1122 ἐγὼ
523 1040 613 1118 ύμέων
632 1041 742 1120 χρῄζων
761 1039 940 1111 συνέλεξα,”
922 1067 968 1100 αν-

166 1125 234 1202 δρας
252 1155 282 1186 τε
299 1129 427 1210 γίνεσθαι
448 1129 635 1210 ἀγαθούς,
592 1156 637 1188 και
657 1129 698 1206 μή
719 1128 914 1207 καταισχύνειν
932 1155 968 1188 τα

166 1215 292 1290 πρόσθεν
311 1219 470 1298 ἐργασμένα
484 1219 624 1296 Πέρσησι,
640 1217 721 1277 ἐόντα
740 1217 852 1298 μεγάλα
869 1242 900 1276 τε
919 1217 965 1274 καὶ

167 1309 279 1365 πολλοῦ
298 1305 371 1374 ἄξια·
393 1305 458 1364 ἀλλ’
471 1307 510 1369 εἶς
523 1332 554 1364 τε
568 1307 684 1369 ἕκαστος
698 1306 744 1364 καὶ
763 1308 789 1364 οἱ
805 1304 965 1382 σύμπαντες

167 1393 324 1470 προθυμίην
345 1395 458 1472 ἔχωμεν·
481 1393 561 1464 ξυνόν
583 1393 638 1475 γάρ
659 1398 742 1453 τοῦτο
764 1398 837 1452 πᾶσι
859 1391 967 1472 ἀγαθόν

166 1480 328 1540 σπεύδεται.
365 1482 449 1540 τῶνδε
463 1482 492 1540 δέ
506 1483 595 1542 εἵνεκα
608 1481 785 1563 προαγορεύω
798 1480 967 1559 ἀντέχεσθαι

165 1572 217 1626 τοῦ
234 1571 360 1647 πολέμου
381 1572 570 1645 ἐντεταμένως·
591 1571 627 1633 ὥς
639 1569 693 1651 γάρ
708 1569 761 1651 ἐγὼ
782 1567 965 1645 πυνθάνομαι,

167 1655 209 1714 ἐπ’
227 1655 327 1734 ἄνδρας
348 1659 558 1734 στρατευόμεθα
579 1657 711 1740 ἀγαθούς·
734 1662 788 1718 τῶν
811 1655 846 1734 ἢν
867 1656 965 1734 κρατή-

164 1769 267 1819 σωμεν,
284 1744 315 1804 ού
333 1745 374 1821 μή
387 1771 428 1807 τις
441 1745 508 1821 ἡμῖν
519 1745 611 1809 ἄλλος
623 1746 745 1824 στρατός
763 1746 881 1825 άντιστῇ
902 1771 965 1805 κοτε

164 1829 325 1906 ἀνθρώπων.
367 1837 415 1892 νῦν
434 1833 463 1891 δέ
484 1833 670 1912 διαβαίνωμεν
690 1833 870 1910 ἐπευξάμενοι
889 1836 966 1892 τοῖσι

166 1919 266 1989 θεοῖσι,
286 1922 331 1980 τοὶ
351 1922 480 1998 Περσίδα
499 1926 553 2002 γῆν
573 1922 758 2004 λελόγχασι.”

207 2008 316 2084 Ταύτην
336 2011 387 2086 μέν
408 2010 460 2084 τὴν
479 2010 585 2086 ἡμέρην
603 2011 848 2086 παρασκευάζοντα
867 2014 895 2070 ἐς
914 2008 1012 2084 τὴν54

166 2095 309 2170 διάβασιν·
330 2101 366 2174 τῇ
385 2097 414 2154 δὲ
432 2097 564 2175 ὑστεραίῃ
582 2097 714 2173 ἀνέμενον
734 2096 783 2156 τόν
802 2095 892 2170 ἥλιον,
907 2096 964 2155 ἐθέ-

165 2189 261 2246 λοντες
276 2185 384 2244 ἰδέσθαι
397 2184 557 2264 άνίσχοντα,
570 2184 729 2261 θυμιήματά
743 2209 774 2243 τε
786 2187 905 2242 παντοῖα
919 2184 964 2242 ἐπὶ
1013 2239 1014 2242 ,

164 2275 219 2330 τῶν
238 2273 381 2353 γεφυρέων
395 2275 586 2354 καταγίζοντες
600 2273 645 2330 καὶ
658 2274 811 2351 μυρσίνῃσι
830 2270 962 2348 στορνύν-

164 2385 210 2422 τες
229 2387 281 2472 την
299 2361 373 2420 όδόν·
396 2360 466 2423 ωςδ
481 2361 647 2419 ἐπανέτελλε
661 2361 676 2420 ό
690 2361 777 2436 ἥλιος,
792 2359 918 2418 σπένδων
932 2363 962 2418 ἐκ
1031 2374 1034 2378 ’

164 2450 287 2526 χρυσέης
307 2449 413 2525 φιάλης
435 2449 539 2526 Ξέρξης
563 2454 589 2511 ἐς
612 2449 663 2524 τὴν
685 2449 845 2518 θάλασσαν,
867 2446 963 2528 εὔχετο

164 2535 235 2611 πρός
260 2536 309 2598 τόν
334 2537 424 2613 ἥλιον,
447 2537 584 2614 μηδεμίαν
611 2541 637 2596 οἱ
661 2537 813 2616 συντυχίην
833 2537 962 2612 τοιαύτην

162 2625 296 2702 γενέσθαι
313 2626 332 2702 ἧ
352 2652 400 2702 μιν
420 2625 522 2684 παύσει
543 2627 793 2704 καταστρέψασθαι
806 2624 858 2701 τὴν
871 2624 962 2702 Εὖρό-

164 2737 221 2787 πην
239 2715 374 2790 πρότερον
387 2713 405 2790 ἢ
419 2715 464 2773 ἐπὶ
484 2715 604 2790 τέρμασι
624 2719 700 2773 τοῖσι
720 2715 824 2792 ἐκείνης
840 2715 962 2796 γένηται·

165 2799 313 2876 εὐξάμενος
334 2803 372 2872 δέ,
394 2804 519 2879 ἐσέβαλε
539 2801 591 2878 τήν
613 2803 720 2879 φιάλην
742 2808 770 2866 ἐς
790 2801 840 2862 τόν
860 2801 961 2877 Ἑλλή-

165 2914 289 2948 σποντον
311 2891 356 2948 καὶ
373 2891 496 2968 χρύσεον
514 2894 638 2968 κρητῆρα
656 2890 701 2949 καὶ
722 2889 865 2968 Περσικόν
881 2891 963 2965 ξίφος

167 2974 214 3034 τόν
233 2975 367 3052 ἀκινάκην
388 2980 531 3038 καλέουσι.
572 2984 660 3038 ταῦτα
684 2978 734 3038 οὐκ
755 2981 809 3056 ἔχω
830 2977 963 3054 άτρεκέως

165 3063 310 3140 διακρῖναι,
327 3064 390 3124 οὔτε
412 3071 435 3126 εἰ
454 3071 492 3146 τῷ
513 3067 583 3145 ἡλίῳ
605 3066 743 3129 ἀνατιθεὶς
762 3069 862 3140 κατῆκε
884 3070 911 3127 ἐς
928 3063 961 3123 τό

164 3152 297 3232 πέλαγος,
314 3152 377 3212 οὔτε
399 3157 422 3212 εί
442 3156 617 3231 μετεμέλησέ
635 3158 661 3213 οἱ
678 3155 727 3214 τόν
747 3151 962 3226 Ἑλλήσποντον

164 3241 378 3321 μαστιγώσαντι
392 3243 437 3300 καὶ
450 3242 511 3302 α’ντὶ
524 3242 627 3301 τούτων
639 3241 691 3316 τὴν
705 3241 856 3300 θάλασσαν
869 3239 961 3317 ἐδωρέ-

164 3351 221 3387 ετο.
263 3329 312 3388 Ὡς
335 3329 365 3388 δὲ
387 3329 475 3390 ταῦτά
498 3333 526 3390 οἱ
549 3332 706 3405 ἐπεποίητο,
727 3327 868 3404 διέβαινον
891 3326 961 3390 κατά
970 3329 1008 3388 55
