2278 3538
180 145 222 190 ιοι
489 141 669 188 ἀνοιουου
899 139 976 201 [νυ.

175 247 230 298 μου
243 225 341 282 τούτου
355 220 418 280 οῦδὲ
433 219 657 296 προσδεκόμενον
672 218 756 280 κακόν
771 219 849 278 οῦδὲν
864 219 977 280 πείσεσ·

161 310 231 377 -θαι,
246 308 357 389 α’γαγιδν
372 309 417 366 καὶ
431 308 544 368 τούτους
558 312 584 366 ἐς
598 306 647 368 τάς
664 305 843 382 Συρηκούσας
857 304 977 366 άπέδοτο

176 395 218 455 ἐπ’
232 397 357 478 ἐξαγωγῇ
375 402 405 455 ἐκ
424 395 560 471 Σικελίης.
603 393 689 453 τκῦυτδ
709 393 738 452 δὲ
757 398 840 453 τοῦτο
860 395 905 451 καὶ
924 393 977 454 Εῦ-

175 486 261 561 βοέας
274 485 338 548 τοῦς
355 490 384 544 ἐν
401 485 514 562 Σικελίῃ
530 485 653 558 ἐποίησε,
668 483 816 559 διακρίνας·
838 483 927 541 ἐποίεε
947 484 977 541 δέ

175 577 263 633 ταῦτα
276 573 390 636 τούτους
403 572 587 648 άμφοτέρους,
599 572 715 647 νομίσας
730 571 818 646 δῆμον
830 571 899 629 εἶναι
912 598 976 630 συν-

176 663 278 737 οίκημα
292 660 505 740 ἀχαριτώτατον.
547 658 662 736 τοιούτω
675 659 727 734 μὲν
740 656 834 736 τρόπῳ
846 657 976 734 τύραννος

176 749 301 830 ἐγεγόνεε
313 751 401 829 μέγας
415 748 430 808 ὁ
445 750 547 808 Γέλων.

130 839 184 898 157
215 837 285 896 Τότε
301 837 338 906 δὲ,
354 837 388 899 ιῦς
405 840 431 896 οἱ
450 835 566 917 ἄγγελοι
582 838 637 896 τιῦν
653 835 798 912 Ἑλλήνων
814 836 933 896 ἀπίκατο
950 843 975 901 ἐς

174 926 223 988 τάς
247 924 435 1001 Συρηκούσας,
458 924 585 988 ἐλθόντες
609 924 683 1003 αύτῷ
704 929 731 987 ἐς
754 924 857 1004 λόγους
878 925 975 1004 ἔλεγον

173 1012 247 1076 τάδε·
270 1023 286 1047 “
295 1014 422 1091 ἔπεμψαν
435 1013 522 1090 ἡμέας
536 1012 748 1089 Λακεδαιμόνιοι
766 1013 811 1070 καὶ
830 1015 856 1071 οἱ
872 1011 974 1072 τούτων

174 1099 328 1181 σύμμαχοι,
339 1103 615 1180 παραλαμψομένους
629 1128 663 1160 σε
674 1101 744 1177 πρὸς
756 1100 806 1160 τόν
814 1099 973 1177 βόρβορον·

173 1188 222 1248 τόν
237 1190 291 1270 γάρ
311 1189 423 1250 ἐπιόντα
441 1191 486 1249 ἐπὶ
506 1191 556 1266 τήν
578 1190 703 1248 Ἑλλάδα
720 1187 828 1252 πάντως
845 1217 894 1248 κου
910 1217 972 1250 πυν-

174 1277 277 1337 θάνεαι·
295 1277 338 1339 ὅτι
352 1281 467 1356 Πέρσης
482 1277 551 1356 άνὴρ
562 1281 672 1356 μέλλει,
684 1277 779 1349 ζεύξας
792 1277 841 1338 τόν
851 1276 973 1353 Ἑλλήσ-

172 1391 275 1427 ποντον
289 1368 335 1426 καὶ
353 1368 462 1449 ἐπάγων
478 1367 569 1427 πάντα
585 1368 634 1427 τόν
650 1365 722 1445 ήῷον
739 1366 861 1444 στρατόν
878 1373 907 1426 ἐκ
925 1372 973 1442 τῆς

172 1451 278 1530 Ἀσίης,
291 1455 535 1532 στρατηλατήσειν
549 1458 594 1516 ἐπὶ
607 1456 658 1532 τήν
671 1455 805 1526 Ἑλλάδα,
820 1453 974 1532 πρόσχημα

171 1545 223 1619 μὲν
242 1544 404 1619 ποιεύμενος
425 1543 461 1607 (ῦς
481 1543 523 1602 ἐπ’
541 1543 660 1618 Ἀθήνας
682 1541 798 1613 ἐλαύνει,
821 1548 850 1604 ἐν
871 1542 924 1622 νόῳ
945 1543 974 1602 δέ

172 1631 241 1708 ἔχων
254 1636 350 1691 πᾶσαν
360 1631 411 1706 τὴν
423 1630 551 1690 Ἑλλάδα
560 1632 606 1691 ὑπ’
618 1635 707 1710 ἑωυτῷ
720 1629 906 1707 ποιήσασθαι.
935 1630 973 1692 σῦ

173 1718 202 1776 δὲ
224 1718 353 1795 δυνάμιός
375 1745 406 1778 τε
429 1720 504 1795 ἥκεις
526 1720 660 1800 μεγάλης,
683 1719 837 1797 καὶμοῖρά
860 1747 904 1780 τοι
924 1725 973 1797 τῆς

172 1805 309 1870 Ἑλλάδος
327 1807 377 1868 οῦκ
396 1810 534 1887 ἐλαχίστη
551 1810 631 1886 μέτα,
649 1808 767 1887 ἄρχοντί
782 1834 814 1890 γε
835 1809 972 1886 Σικελίης·

171 1894 271 1969 βοήθει
284 1921 315 1954 τε
330 1899 406 1956 τοῖσι
421 1898 598 1974 ἐλευθεροῦσι
618 1897 669 1972 τήν
681 1896 816 1966 Ἑλλάδα,
833 1899 878 1956 καὶ
896 1925 971 1956 συνε-

170 1984 312 2061 λευθέρου.
355 1984 425 2060 άλὴς
445 1988 496 2062 μὲν
513 1986 567 2065 γάρ
583 1987 715 2067 γινομένη
732 1989 812 2044 πᾶσα
834 1982 973 2060 ήἙλλᾶς

171 2072 232 2149 χεὶρ
258 2073 369 2154 μεγάλη
398 2072 555 2154 συνάγεται,
585 2075 631 2132 καὶ
662 2072 811 2152 ἀξιόμαχοι
839 2072 973 2153 γινόμεθα

170 2164 245 2219 τοῖσι
263 2165 382 2220 ἐπιοῦσι·
404 2161 438 2237 ἢν
452 2162 481 2220 δὲ
496 2161 588 2239 ἡμέων
602 2165 629 2221 οἶ
644 2165 695 2239 μὲν
710 2161 933 2238 καταπροδιδῶσι
947 2166 973 2221 οἱ

170 2247 199 2306 δέ
212 2249 252 2325 μή
264 2251 368 2310 θέλωσι
387 2251 531 2326 -ιμωρέειν,
543 2251 576 2310 τῦ
592 2251 621 2310 δέ
635 2250 759 2331 ῦγιοῐνον
772 2255 822 2325 τῆς
835 2250 972 2314 Ἑλλάδος

169 2335 188 2414 ᾗ
202 2335 307 2417 όλίγον,
321 2343 403 2396 τοῦτο
419 2338 447 2396 δέ
464 2337 516 2414 ἤδη
530 2339 618 2398 δεινόν
631 2340 736 2419 γίνεται
750 2338 790 2415 μή
804 2340 879 2418 πέσῃ
892 2343 972 2398 πᾶσα

169 2424 187 2499 ή
200 2424 313 2488 Ἑλλάς.
327 2443 328 2446 ’
346 2428 384 2504 μὴ
398 2425 452 2506 γάρ
464 2428 590 2507 ἐλπίσῃς,
601 2427 636 2503 ἢν
646 2427 732 2504 ἡμέας
747 2429 971 2505 καταστρέψηται

169 2510 185 2570 ὁ
203 2513 317 2587 Πέρσης
333 2514 411 2591 μάχη
426 2515 576 2591 κρατήσας,
592 2517 625 2578 ὥς
641 2517 701 2575 ούκὶ
715 2517 774 2591 ἥξει
789 2515 865 2588 παρά
881 2517 971 2595 σέγε·

169 2597 246 2656 άλλά
262 2599 317 2675 πρό
335 2601 433 2659 τούτου
451 2602 585 2677 φύλαξαι·
606 2605 735 2679 βοηθέων
753 2604 808 2684 γάρ
822 2602 888 2680 ἡμῖν
904 2630 971 2661 σεω-

150 2691 223 2765 Ιυτῷ
248 2689 396 2764 τιμωρέεις·
432 2694 470 2769 τῷ
498 2691 527 2749 δὲ
555 2691 584 2751 εὖ
613 2693 797 2768 βουλευθέντι
828 2689 971 2768 πρήγματι

168 2775 283 2850 τελευτή
303 2775 338 2838 ιῦς
358 2777 390 2836 τό
410 2780 510 2838 ἐπίπαν
528 2781 641 2858 χρηστὴ
661 2782 750 2840 ἐθέλει
771 2777 971 2860 ἐπιγίνεσθαι.”

122 2863 225 2922 158οῖ
248 2865 300 2939 μὲν
322 2869 410 2924 ταῦτα
431 2868 536 2946 ἔλεγον·
559 2869 654 2927 Γέλων
675 2869 704 2928 δὲ
724 2867 833 2931 πολλός
855 2867 969 2928 ἐνέκειτο

166 2951 256 3031 λέγων
284 2953 386 3012 τοιάδε
423 2953 543 3030 ((άνδρες
570 2955 718 3032 Ἕλληνες,
746 2957 834 3036 λόγον
862 2957 969 3034 ἔχοντες

167 3041 336 3116 πλεονέκτην
349 3041 525 3116 ἐτολμήσατε
542 3046 591 3118 ἐμὲ
606 3043 758 3122 σύμμαχον
775 3045 820 3102 ἐπὶ
836 3044 885 3103 τόν
898 3043 969 3120 βάρ-

167 3127 258 3202 βαρον
268 3129 489 3204 παρακαλέοντες
502 3131 603 3188 ἐλθεῖν·
619 3129 698 3188 αὐτοὶ
709 3131 745 3200 δὲ,
758 3136 823 3208 ἐμεῦ
834 3131 969 3208 πρότερον

169 3213 310 3287 δεηθέντος
333 3217 512 3290 βαρβαρικοῦ
536 3222 660 3293 στρατοῦ
685 3217 901 3294 συνεπάψασθαι
922 3219 968 3278 ὅτε

170 3327 216 3366 μοι
238 3302 307 3370 πρὸς
332 3303 538 3375 Καρχηδονίους
562 3309 649 3363 νεῖκος
673 3309 808 3379 συνῆπτο,
830 3305 967 3380 ἐπισκήπ-
