2278 3538
163 141 212 190 τοι
468 138 653 188 ἀνοιοπου
888 137 965 202 [vn.

162 221 295 278 τοσοῦτοι
303 218 355 296 μέν
362 215 511 294 Ἀρκάδων·
526 215 582 277 ἀπό
593 217 623 276 δὲ
633 216 772 294 Κορίνθου
779 217 967 294 τετρακόσιοι·

164 306 210 366 καὶ
223 305 280 366 ἀπό
295 310 448 369 Φλιοῦντος
464 305 611 382 διηκόσιοι·
632 305 678 363 καὶ
695 307 861 382 Μυκηναίων
880 305 967 387 όγδιό-

163 420 256 455 κοντα.
287 392 364 455 οὗτοι
376 397 428 472 μὲν
441 395 497 454 ἀπό
512 392 733 468 Πελοποννήσου
746 398 888 471 παρῆσαν·
907 389 965 456 α’πό

163 481 193 542 δέ
214 488 350 554 Βοιωτῶν,
372 483 514 543 Θεσπιέων
533 508 564 541 τε
585 481 747 541 ἑπτακόσιοι
767 482 812 540 καὶ
832 483 967 559 Θηβαίων

114 571 369 651 203τετρακόσιοι.
417 571 495 649 Πρός
522 569 648 630 τούτοισι
664 571 814 646 Ιἐπίκλητοι
838 571 967 651 ἐγένοντο

162 662 271 740 Λοκροί
289 687 320 722 τε
344 663 371 720 οἱ
391 658 551 720 Ὀπούντιοι
571 661 755 737 πανστρατιῇ,
780 659 825 716 καὶ
849 660 966 720 Φωκέων

163 751 262 827 χίλιοι.
283 748 363 810 αύτοὶ
374 747 430 829 γόρ
448 753 541 824 σφεας
559 748 766 806 ἐπεκαλέσαντο
780 745 964 824 οἶἘλληνες,

162 837 292 917 λέγοντες
305 835 339 895 δι’
352 834 480 916 ἀγγέλων
493 835 528 899 ὥς
544 835 623 895 αὐτοὶ
640 838 691 912 μὲν
704 833 797 910 ήκοιεν
810 834 966 912 πρόδρομοι

162 927 218 982 τῶν
230 921 334 994 ἄλλων,
348 926 376 983 οἶ
389 923 419 982 δέ
432 923 528 983 λοιποὶ
541 927 595 984 τῶν
609 922 765 1001 συμμάχων
779 921 966 1000 προσδόκιμοι

163 1015 260 1071 πᾶσαν
271 1011 324 1072 εἶεν
334 1011 450 1090 ἡμέρην·Ι
463 1010 482 1088 vj
494 1011 630 1072 θόλασσό
639 1012 670 1070 τέ
680 1017 736 1086 σφι
747 1010 789 1086 εἴη
800 1017 829 1072 ἐν
840 1015 965 1091 φυλακῇ,

162 1097 208 1158 ὕπ’
228 1095 382 1176 Ἀθηναίων
400 1126 431 1160 τε
452 1103 644 1178 φρουρεομένη
666 1099 711 1158 καὶ
731 1100 899 1180 Αἰγινητέων
920 1101 967 1159 καὶ

161 1191 216 1248 τῶν
229 1193 257 1251 ἐς
271 1188 321 1249 τόν
334 1188 462 1250 ναυτικόν
475 1187 597 1265 στρατόν
610 1188 775 1266 ταχθέντων,
791 1188 840 1246 καί
854 1194 909 1264 σφι
923 1189 966 1264 εἴη

163 1276 252 1337 δεινόν
275 1276 362 1338 οὐδέν·
390 1276 422 1338 σύ
446 1275 500 1357 γόρ
523 1275 586 1336 θεόν
610 1276 679 1336 εἶναι
706 1275 754 1335 τόν
779 1275 892 1336 ἐπιόντα
920 1278 966 1336 ἐπὶ

161 1365 214 1442 τήν
223 1365 359 1436 Ἐλλάδα,
369 1365 434 1425 ἀλλ’
446 1364 602 1442 α’ίνθρωπου·ι
617 1363 687 1424 εἶναι
700 1365 729 1423 δὲ
744 1364 844 1440 θνητόν
858 1363 965 1436 οὐδένα,

163 1452 226 1513 ούδέ
244 1455 369 1523 ἔσεσθαι,
382 1458 420 1532 τῷ
436 1455 521 1513 κακόν
537 1454 568 1522 ἐξ
584 1451 672 1532 ἀρχῆς
685 1453 820 1533 γινομένῳ
830 1451 867 1517 Δού
885 1479 964 1512 συνε-

161 1542 261 1619 μίχθη
278 1545 355 1600 τοῖσι
369 1542 398 1601 δὲ
410 1542 573 1621 μεγίστοισι
586 1539 675 1601 αὐτῶν
687 1542 819 1621 μέγιστα·
839 1539 966 1616 ὀφείλειν

163 1627 201 1688 ὦν
218 1630 264 1688 καὶ
283 1629 333 1690 τόν
350 1629 545 1696 ἐπελαύνοντα,
564 1627 600 1691 οἷς
618 1628 699 1689 ἐόντα
718 1628 828 1705 θνητόν,
842 1628 898 1689 ἀπό
914 1632 966 1705 τῆς

162 1715 244 1792 δόξης
257 1718 368 1776 πεσέειν
379 1715 421 1776 ἅν·
438 1719 465 1776 οἶ
478 1717 605 1777 δὲταῦτα
615 1716 818 1793 πυνθανόμενοι
829 1716 966 1794 ἐβοήθεον

163 1803 255 1879 ἐςτήν
268 1808 403 1884 Τρηχῖνα.
456 1819 458 1822 ’

114 1893 174 1952 204
215 1892 347 1952 Τούτοισι
357 1891 431 1968 ἦσαν
444 1895 496 1970 μέν
510 1919 558 1953 νυν
571 1894 617 1952 καὶ
630 1892 717 1953 ἄλλοι
730 1893 885 1975 στρατηγοὶ
895 1897 966 1954 κατὰ

161 1980 263 2045 πόλιας
284 1981 416 2062 ἐκόστων·
452 1981 467 2042 ό
489 1983 519 2042 δέ
543 1981 736 2060 θωμαζόμενος
762 1983 891 2059 μάλιστα
918 1983 963 2042 καὶ

162 2069 266 2134 παντός
285 2075 335 2130 τοῦ
357 2070 564 2148 στρατεύματος
580 2070 731 2152 ἡγεόμενος
747 2069 966 2148 Λακεδαιμόνιος

161 2156 196 2233 ἦν
221 2160 360 2235 Λεωνίδης
386 2159 402 2219 ό
428 2158 654 2236 Ἀναξανδρίδεω,
679 2163 730 2218 τοῦ
756 2160 886 2246 Λέοντος,
913 2155 966 2218 τοῦ

161 2245 377 2324 Εὐρυκρατίδεω,
399 2252 449 2307 τοῦ
475 2246 670 2324 Ἀναξάνδρου,
692 2250 742 2306 τοῦ
765 2245 965 2324 Εὐρυκράτεος,

162 2339 213 2394 τοῦ
227 2335 408 2413 Πολυδώρου,
417 2339 467 2394 τοῦ
477 2335 673 2412 Ἀλκαμένεος,
682 2339 733 2394 τοῦ
743 2335 898 2411 Τηλέκλου,
912 2337 965 2394 τοῦ

161 2421 311 2501 Ἀρχέλεω,
329 2427 379 2482 τοῦ
391 2422 564 2503 Ἡγησίλεω,
581 2427 632 2482 τοῦ
651 2423 813 2500 Δορύσσου,
828 2427 878 2482 τοῦ
891 2429 965 2482 Λεω-

162 2509 262 2586 βότεω,
289 2513 339 2568 τοῦ
365 2509 564 2588 Ἐχεστράτου,
588 2513 639 2570 τοῦ
662 2510 772 2591 Ἤγιος,
800 2515 850 2571 τοῦ
876 2509 965 2588 Εύρυ·

162 2597 283 2665 σθένεος,
304 2600 353 2656 τοῦ
369 2596 584 2677 Ἀριστοδήμου,
602 2601 652 2657 τοῦ
672 2598 893 2678 Ἀριστομάχου,
912 2601 964 2658 τοῦ

164 2684 331 2754 Κλεοδαίου,
345 2688 395 2744 τοῦ
411 2684 530 2755 Ὕλλου,
544 2690 595 2746 τοῦ
612 2686 777 2765 Ἡρακλέος,
792 2685 965 2764 κτησόμενος

114 2776 173 2834 205
181 2772 233 2848 τήν
242 2773 400 2850 βασυληίην
410 2777 439 2833 ἐν
451 2772 567 2854 Σπάρτη
578 2774 609 2844 ἐξ
617 2774 841 2853 ἀπροσδοκήτου.
870 2774 966 2843 Διξῶν

160 2859 216 2943 γάρ
236 2864 262 2921 οἱ
284 2861 382 2922 ἐόντων
398 2863 598 2940 πρεσβυτέρων
614 2863 767 2938 ἀδελφεῶν,
790 2861 966 2939 Κλεομένεός

160 2975 192 3010 τε
207 2951 253 3009 καὶ
267 2951 396 3028 Δωριέος,
410 2950 576 3026 ἀπελήλατο
593 2956 643 3026 τῆς
661 2951 808 3027 φροντίδος
827 2951 891 3026 περὶ
914 2953 966 3024 τῆς

162 3040 328 3116 βασιληίης·
363 3038 552 3100 ἀποθανόντος
579 3039 608 3096 δὲ
639 3040 821 3113 ΚλεομένεοςΙ
847 3037 964 3100 ἄπαιδος

162 3127 274 3204 ἔρσενος
286 3127 379 3207 γόνου,
394 3126 514 3202 Δωριέος
523 3151 554 3182 τε
568 3124 660 3184 οὐκέτι
674 3125 766 3187 ἐόντος
780 3125 857 3184 ἀλλὰ
870 3129 964 3184 τελευ-

161 3213 301 3290 τήσαντος
314 3215 360 3274 καὶ
373 3212 472 3272 τούτου
486 3217 514 3270 ἐν
526 3212 648 3290 Σικελίῃ,
660 3211 731 3270 οὕτω
742 3212 775 3287 δή
787 3217 814 3274 ἐς
824 3209 964 3288 Λεωνίδην

162 3299 328 3376 ἅνέβαιυεή
349 3299 500 3375 βασιληίη·
528 3297 574 3356 καὶ
592 3298 662 3357 διότι
682 3297 817 3375 πρότερος
838 3297 964 3378 ἐγεγόνεε
