2262 3534
174 123 222 170 328
480 119 663 170 Ἡνοκοπου
907 109 975 184 [ινα

173 202 312 261 ἐσέπτατο
340 201 368 263 ἐς
393 198 427 258 τά
452 198 642 276 στρατόπεδον
667 202 733 268 πᾶν,
748 199 803 259 ’καὶ
829 200 977 277 κηρυκήῖον

174 288 264 364 ἐφάνη
292 287 338 346 ἐπὶ
363 290 414 362 τῆς
440 291 604 367 κυματωγῆς
630 288 764 362 κείμενον
797 287 816 363 ή
844 288 874 348 δὲ
894 288 977 365 φήμη

174 377 273 451 διῆλθέ
299 382 356 450 σφι
383 373 442 444 ὧδε,
468 375 503 438 ὦς
527 379 553 434 οἱ
575 375 714 450 Ἕλληνες
740 376 793 452 τήν
817 377 977 453 Μαρδονίου

175 463 311 541 στρατιήν
324 467 418 542 νικῷεν
434 469 463 523 ἐν
480 467 629 522 Βοιωτοῖσι
644 462 807 542 μαχόμενοι
850 465 924 540 δῆλα
942 464 977 540 δή

175 556 313 612 πολλοῖσι
331 552 509 630 τεκμηρίοισί
520 555 582 610 ἐστι
597 550 633 610 τά
649 551 710 611 θεῖα
727 555 783 611 τῶν
797 552 976 632 πρηγμάτων,

176 642 259 701 εἶκαὶ
274 640 339 701 τότε
356 644 406 716 τῆς
424 639 509 716 αὐτῆς
526 639 631 716 ήμέρης
648 639 865 716 συμπιπτούσης
880 645 929 699 τοῦ
946 667 978 700 τε

176 735 206 789 ἐν
216 732 381 807 Πλαταιῇσι
396 728 442 786 καὶ
454 732 504 787 τοῦ
518 733 547 786 ἐν
560 726 684 804 Μυκάλῃ
693 727 849 803 μέλλοντος
860 728 978 788 ἔσεσθαι

129 867 130 874 ,
175 817 327 893 τρώματος,
342 815 424 892 φήμη
442 819 519 874 τοῖσι
535 813 661 891 Ἕλλησι
681 818 757 875 τοῖσι
774 815 861 895 ταύτῃ
880 816 978 874 ἐσαπί-

120 907 125 922 ”
177 931 249 973 κετο,
264 903 337 963 ὥστε
351 904 499 980 θαρσῆσαί
513 929 544 962 τε
558 901 610 978 τήν
631 902 767 980 στρατιήν
787 906 886 982 πολλῷ
905 907 978 979 μᾶλ-

132 996 258 1062 ΙΟΙλον,
281 993 327 1051 καὶ
350 992 457 1052 ἐθέλειν
477 991 687 1070 προθυμότερον
707 990 879 1051 κινδυνεύειν.
921 992 980 1050 Καὶ

177 1081 242 1141 τάδε
261 1082 354 1159 ἕτερον
372 1083 511 1140 συνέπεσε
526 1079 683 1162 γενόμενον,
699 1079 849 1157 Δήμητρος
865 1079 980 1157 τεμένεα

176 1168 351 1246 Ἐλευσινίης
377 1169 454 1246 παρά
474 1168 636 1245 α’μφοτέρας
655 1167 706 1231 τάς
726 1167 878 1244 συμβολάς
901 1167 979 1228 εἶναι·

180 1259 225 1317 καὶ
238 1259 293 1339 γάρ
307 1258 341 1334 δή
356 1264 384 1318 ἐν
397 1262 433 1337 τῇ
447 1257 600 1316 Πλαταιίδι
612 1256 678 1334 παρ’
692 1255 760 1316 αὐτὰ
773 1255 807 1315 τὸ
818 1255 981 1333 Δημήτριον

179 1348 288 1429 ἐγένετο
306 1347 356 1428 (αἶς
377 1349 422 1406 καὶ
443 1346 579 1424 πρότερόν
598 1372 648 1422 μοι
668 1344 817 1426 εἶρηται)ή
833 1345 920 1424 μάχη,
935 1347 981 1403 καὶ

179 1441 209 1495 ἐν
224 1436 348 1514 Μυκάλη
368 1437 471 1512 ἔμελλε
492 1434 622 1496 ὦσαιίτως
643 1434 768 1493 ἔσεσθαι·
789 1434 933 1514 γεγονέναι
952 1433 981 1491 δὲ

179 1525 257 1600 νίκην
274 1528 328 1584 τῶν
345 1524 417 1600 μετά
436 1524 602 1582 Παυσανίεω
619 1515 764 1596 Ἑλλήνων
782 1520 870 1598 ὀρθῶς
888 1527 945 1596 σφι
962 1515 981 1597 ή

181 1611 427 1688 φήμηισυνέβαινε
442 1612 576 1670 ἐλθοῦσα·
597 1610 630 1670 τά
643 1612 694 1687 μὲν
708 1609 762 1688 γάρ
777 1614 805 1669 ἐν
817 1611 983 1688 Πλαταιῇσι

180 1700 252 1776 πρωῒ
268 1702 307 1759 ἔτι
325 1703 376 1774 τῆς
391 1699 496 1775 ἡμέρης
515 1699 629 1778 ἐγίνετο·
650 1697 683 1757 τδ
697 1698 727 1756 δέ
740 1704 769 1758 ἐν
783 1697 905 1775 Μυκάλη
919 1698 983 1774 περὶ

180 1788 283 1863 δείλην·
305 1785 349 1846 ὅτι
362 1787 391 1846 δέ
404 1790 454 1861 τῆς
468 1785 552 1861 αὐτῆς
564 1785 670 1863 ἡμέρης
683 1787 831 1862 συνέβαινε
844 1786 981 1866 γίνεσθαι,

180 1876 268 1953 μηνός
282 1901 313 1935 τε
333 1879 383 1934 τοῦ
404 1873 498 1943 αὐτοῦ,
513 1873 606 1953 χρόνῳΙ
622 1872 655 1934 ου’
670 1878 770 1952 πολλῷ
790 1880 846 1948 σφι
866 1872 984 1950 ὕστερον

180 1966 256 2041 δῆλα
275 1963 502 2042 ἀναμανθάνουσι
529 1964 640 2044 ἐγίνετο
683 1961 718 2039 ἦν
738 1962 768 2022 δέ
787 1961 906 2039 ἀρρωδίη
927 1967 984 2036 σφι

181 2056 248 2132 πρὶν
276 2054 328 2130 τήν
361 2052 460 2130 φήμην
490 2053 684 2122 ἐσαπικέσθαι,
712 2049 772 2112 οὔτι
798 2050 861 2127 περὶ
887 2049 984 2124 σφέων

182 2142 272 2204 αὐτῶν
293 2141 372 2212 οὕτω,
392 2141 427 2204 ὥς
446 2144 501 2200 τῶν
516 2139 670 2216 Ἑλλήνων,
690 2138 730 2216 μή
751 2140 814 2216 περὶ
835 2137 984 2216 Μαρδονίῳ

182 2233 290 2311 πταίσῃ
310 2230 328 2307 ἦ
348 2229 465 2292 Ἑλλάς·
500 2227 535 2290 ὦς
554 2229 650 2304 μέντοι
669 2227 688 2303 ή
709 2227 819 2306 κλῃδών
838 2224 909 2302 αὕτη
928 2232 985 2302 σφι

183 2319 330 2389 ἐσέπτατο,
351 2317 466 2395 μᾶλλόν
485 2343 513 2376 τι
534 2317 580 2375 καὶ
599 2315 751 2395 ταχύτερον
771 2315 823 2390 τήν
843 2313 986 2392 πρόσοδον

184 2411 333 2467 ἐποιεῦντο.
376 2408 403 2465 οἱ
429 2406 481 2482 μὲν
501 2403 536 2480 δή
558 2403 698 2484 Ἕλληνες
721 2405 767 2463 καὶ
791 2407 817 2462 οἱ
837 2402 996 2480 βάρβαροι

183 2495 318 2554 ἔσπευδον
332 2499 360 2557 ἐς
376 2492 428 2570 τήν
445 2492 548 2571 μάχην,
563 2491 598 2554 ὥς
615 2498 672 2567 σφι
690 2493 736 2551 καὶ
753 2495 782 2550 αἱ
800 2495 885 2566 νῆσοι
903 2490 949 2548 καὶ
968 2489 986 2548 ὅ

184 2581 400 2656 Ἑλλήσποντος
413 2579 503 2640 άεθλα
516 2581 669 2656 προέκειτο.

139 2673 195 2730 102
246 2672 328 2728 Τοῖσι
348 2669 399 2745 μέν
415 2693 464 2728 νυν
479 2667 654 2743 Ἀθηναίοισι
671 2667 717 2726 καὶ
733 2670 811 2727 τοῖσι
830 2665 988 2742 προσεχέσι

185 2756 311 2818 τούτοισι
337 2756 541 2837 τεταγμένοισι,
562 2757 646 2834 μέχρι
673 2781 722 2816 κου
741 2758 797 2815 τῶν
816 2753 948 2831 ἡμισέων,
968 2752 988 2828 ή

184 2845 250 2909 άδὸς
273 2846 378 2926 ἐγίνετο
402 2843 461 2902 κατ’
485 2843 614 2925 αἰγιαλόν
636 2869 668 2904 τε
691 2844 737 2902 καὶ
760 2841 864 2902 άπεδον
886 2843 988 2920 χῶρον·

185 2937 263 2993 τοῖσι
278 2933 308 2992 δὲ
325 2932 572 3008 Λακεδαιμονίοισι
591 2933 637 2990 καὶ
653 2935 730 2992 τοῖσι
748 2930 848 3006 ἐπεξῆς
862 2929 989 2989 τούτοισι

185 3022 390 3102 τεταγμένοισι,
410 3019 481 3079 κατά
497 3045 529 3078 τε
546 3019 689 3096 χαράδρην
703 3018 749 3077 καὶ
767 3016 859 3098 οὔρεα·
881 3021 910 3077 ἐν
923 3013 945 3095 ᾧ
960 3016 990 3075 δέ

185 3112 213 3167 οἳ
234 3107 447 3185 Λακεδαιμόνιοι
469 3106 627 3181 περιήῐσαν,
645 3103 721 3165 οὗτοι
740 3108 767 3165 οἶ
783 3105 829 3164 ἐπὶ
848 3108 887 3182 τῷ
908 3104 990 3183 ἐτέρῳ

187 3196 260 3270 κέρεῖ
287 3198 327 3255 ἔτι
357 3196 402 3254 καὶ
429 3194 462 3269 δή
493 3192 642 3271 ἐμάχοντο.
684 3193 732 3255 ἐως
759 3193 813 3269 μέν
839 3217 888 3252 νυν
913 3195 991 3252 τοῖσι

187 3283 321 3360 Πέρσησι
334 3281 416 3359 ὄρθια
429 3281 464 3357 ἦν
480 3280 516 3341 τιὶ
533 3280 628 3360 γέρρα,
644 3278 783 3356 ἠμύνοντό
800 3305 832 3340 τε
850 3277 897 3338 καὶ
912 3276 991 3340 οὐδὲν
