2276 3538
142 157 280 222 1¹12-l45]
454 157 641 208 ΠΟΑΤΜΝῙᾹ.
896 156 941 208 177

139 239 172 300 τό
190 238 283 316 ὀρθόν,
297 236 363 297 ἀλλ’
382 236 432 298 ούκ
451 243 479 302 ές
494 239 665 316 Ἀθηναίους,
679 236 943 317 παρασκευάζεσθαι

140 327 178 387 ὧν
191 325 289 390 αύτούς
300 325 335 390 ὦς
344 326 576 406 ναυμαχήσοντας
587 327 784 403 συνεβούλευε,
796 325 831 390 οἷς
843 326 943 386 τούτου

140 414 233 478 ε’όντος
252 419 302 474 τοῦ
327 414 438 484 ξυλίνου
464 415 579 494 τείχεος.
620 415 707 493 ταύτῃ
734 415 942 492 Θεμιστοκλέος

140 502 374 578 ἀποφαινομένου,
391 501 535 579 Ἀθηναῖοι
553 503 641 562 ταῦτά
657 509 713 578 σφι
731 504 854 583 ἔγνωσαν
870 506 941 579 αἶρε-

139 590 244 668 πιύτερα
259 591 327 649 εἶναι
340 594 453 666 μᾶλλον
466 588 484 666 ή
497 589 533 649 τά
546 595 600 650 τῶν
613 589 831 669 χρησμολόγων·
854 589 880 648 οἳ
894 589 943 650 οὐκ

141 679 190 738 ἔων
208 679 364 756 ναυμαχίην
382 676 587 756 ἀρτέεσθαι,πά
607 679 637 738 δὲ
656 677 772 754 σύμπαν
789 678 865 747 εἶναι,
880 677 944 737 ούδὲ

140 770 235 846 χεῖρας
261 766 456 843 ἀνταείρεσθαι
483 765 560 826 ἀλλά
588 765 751 830 ἐκλιπόντας
775 765 869 844 χώρην
892 766 943 842 τήν

140 854 269 930 Ἀττικήν
277 853 369 930 ἀλλην
376 855 438 914 τινά
446 856 566 926 οἰκίζειν.
587 854 686 932 Ἑτέρη
696 881 727 914 τε
737 855 925 930 Θεμιστοκλέῖ
935 857 990 912 144

140 942 237 1023 γνιύμη
258 944 404 1020 ἔμπροσθε
424 941 527 1018 ταύτης
548 948 575 1006 ές
596 943 692 1020 καιρόν
711 943 870 1019 ἠρίστευσε·
898 941 944 1002 ὅτε

140 1029 314 1105 Ἀθηναίοισι
341 1030 496 1111 γενομένων
522 1030 672 1108 χρημάτων
695 1029 825 1109 μεγάλων
852 1035 881 1088 ἐν
907 1034 945 1108 τῷ

142 1121 231 1196 κοινῷ,
244 1118 280 1177 τά
293 1123 323 1176 έκ
335 1121 390 1177 τῶν
407 1116 558 1194 μετάλλων
575 1125 631 1193 σφι
649 1118 796 1193 προσῆλθε
814 1120 869 1176 τῶν
887 1116 944 1177 ἀπό

141 1206 286 1283 Λαυρείου,
304 1206 424 1284 ἔμελλον
445 1205 584 1276 λάξεσθαι
600 1205 721 1284 ὀρχηδδν
742 1207 858 1267 ἕκαστος
878 1205 944 1264 δέκα

141 1295 277 1374 δραχμάς·
303 1293 367 1355 τότε
386 1296 595 1370 Θεμιστοκλέης
614 1294 753 1374 ἀνέγνωσε
772 1293 943 1369 Ἀθηναίους,

141 1386 191 1458 τῆς
217 1383 366 1461 διαιρέσιος
399 1382 501 1459 ταύτης
529 1383 725 1458 παυσαμένους
752 1383 814 1445 νέας
840 1381 944 1441 τούτων

140 1476 197 1532 τῶν
208 1472 358 1551 χρημάτων
371 1470 548 1546 ποιήσασθαι
559 1470 712 1546 διηκοσίας,
724 1475 750 1532 ές
760 1469 809 1529 τόν
819 1469 945 1544 πόλεμον

141 1560 190 1620 τόν
213 1561 282 1637 πρός
304 1559 454 1641 Αἰγινήτας
476 1560 575 1640 λέγων·
605 1557 686 1621 οὗτος
706 1558 761 1639 γάρ
783 1557 799 1617 ό
820 1556 945 1634 πόλεμος

142 1649 250 1712 συστάς
266 1650 356 1708 ἔσωσε
371 1648 435 1709 τότε
448 1648 500 1724 τήν
512 1648 647 1720 Ἑλλάδα,
663 1646 823 1727 ἀναγκάσας
837 1647 945 1706 θαλασ·

143 1737 220 1799 σίους
233 1738 364 1817 γενέσθαι
379 1735 553 1812 Ἀθηναίους·
575 1739 603 1795 αἱ
617 1735 647 1794 δὲ
660 1740 687 1797 ές
700 1734 732 1794 τό
745 1737 797 1810 μὲν
811 1733 941 1809 ἐποιήθη·

143 1850 198 1884 σαν
218 1824 268 1884 ούκ
288 1825 480 1904 ἐχρήσθησαν·
509 1829 536 1888 ές
558 1824 620 1884 δέον
638 1823 667 1882 δὲ
684 1822 754 1882 οὕτω
771 1827 806 1902 τῇ
826 1822 945 1882 Ἑλλάδι

143 1913 279 1993 ἐγένοντο·
321 1911 404 1973 αὗταί
423 1939 454 1972 τε
475 1913 510 1989 δή
533 1916 562 1971 αἱ
584 1913 641 1975 νέες
667 1915 743 1972 τοῖσι
769 1909 944 1985 Ἀθηναίοισι

142 2004 359 2079 προποιηθεῖσαι
378 2001 513 2080 ύπῆρχον,
528 2001 621 2077 ἑτέρας
640 2026 671 2059 τε
692 2000 748 2058 ἔδεε
767 2024 944 2075 προσναυπη-

143 2089 267 2170 γέεσθαι·
288 2090 366 2160 ἔδοξέ
376 2116 407 2149 τε
421 2097 485 2164 σφι,
496 2089 567 2165 μετά
580 2087 613 2148 τό
623 2086 797 2167 χρηστήριον
810 2087 945 2161 βουλευο-

143 2179 262 2253 μένοισι,
287 2178 400 2237 ε’πιόντα
427 2179 473 2236 ε’πὶ
499 2181 550 2253 τήν
570 2176 698 2236 Ἐλλάδα
724 2176 773 2235 τόν
794 2174 946 2251 βάρβαρον
1009 2223 1011 2228 .

144 2265 274 2326 δέκεσθαι
291 2270 359 2344 τῇσι
378 2266 461 2342 νηυσὶ
478 2265 624 2342 πανδημεὶ,
638 2269 677 2344 τῷ
691 2265 745 2342 θεῷ
757 2263 946 2338 πειθομένους,

145 2351 203 2427 ἅμα
228 2353 373 2429 Ἑλλήνων
397 2358 473 2414 τοῖσι
503 2354 716 2430 βουλομένοισι.
767 2350 802 2410 τά
828 2353 880 2425 μὲν
913 2349 947 2426 δή

145 2441 304 2522 χρηστήρια
316 2446 403 2504 ταῦτα
415 2447 491 2503 τοῖσι
503 2443 678 2518 Ἀθηναίοισι
693 2439 827 2522 ἐγεγόνεε.

179 2531 396 2612 Συλλεγομένων
409 2531 438 2590 δὲ
453 2537 480 2594 ές
492 2530 580 2590 τώυτό
594 2534 649 2590 τῶν
663 2530 727 2605 περὶ
740 2527 791 2603 τήν
801 2526 927 2586 Ἑλλάδα
939 2528 995 2584 145

146 2617 289 2695 Ἐλλήνων
304 2622 359 2679 τῶν
376 2617 411 2678 τά
427 2618 529 2695 ἀμείνω
551 2617 732 2694 φρονεόντων,
755 2617 800 2674 καὶ
820 2615 949 2675 διδόντων

145 2708 232 2781 σφίσι
248 2707 336 2789 λόγον
353 2708 398 2765 καὶ
412 2709 517 2775 πίστιν,
537 2707 655 2766 ε’νθαῦτα
674 2702 765 2763 ε’δόκεε
778 2703 948 2780 βουλευομέ-

145 2821 219 2854 νοισι
234 2794 352 2865 αὐτοῖσι,
367 2799 477 2872 πρῶτον
496 2797 547 2871 μὲν
559 2791 710 2873 χρημάτων
723 2790 832 2851 πάντων
846 2795 948 2850 καταλ-

145 2881 308 2943 λάσσεσθαι
327 2881 377 2944 τάς
396 2907 427 2941 τε
449 2883 550 2961 ἔχθρας
570 2881 615 2938 καὶ
635 2879 700 2943 τοάς
721 2878 779 2938 κατ’
803 2877 947 2953 ἀλλήλους

147 2970 241 3034 ε’όντας
265 2971 415 3047 πολέμους·
443 2969 518 3046 ἦσαν
538 2969 567 3026 δὲ
588 2967 658 3044 πρός
677 2993 753 3029 τινας
774 2967 820 3025 καὶ
844 2965 949 3026 ἄλλους

146 3061 350 3140 ε’γκεχρημένοι,
370 3057 386 3118 ό
408 3060 437 3118 δὲ
459 3057 496 3118 ὧν
515 3057 649 3136 μέγιστος
666 3053 843 3129 Ἀθηναίοισί
856 3077 886 3110 τε
904 3051 950 3109 καὶ

146 3148 321 3226 Αἰγινήτῃσι·
350 3146 421 3223 μετὰ
441 3147 478 3214 δὲ,
500 3142 701 3219 πυνθανόμενοι
718 3141 824 3218 Ξέρξεα
841 3138 894 3197 σύν
912 3141 950 3216 τῷ

147 3239 258 3312 στρατῷ
271 3235 340 3296 εἶναι
354 3239 383 3292 έν
397 3233 523 3310 Σάρδισι,
535 3228 743 3308 ἐβουλεύσαντο
758 3223 951 3288 κατασκόπους

147 3320 266 3396 πέμπειν
285 3328 312 3385 ἐς
329 3320 381 3399 τήν
393 3319 494 3394 Ἀσίην
507 3321 561 3375 τῶν
579 3314 718 3391 βασιλέος
731 3312 909 3391 πρηγμάτων,
923 3315 950 3375 ές
