2268 3536
167 163 276 228 62-65]
524 169 637 220 ανιαο.
937 171 969 220 ω

166 247 258 316 τοῦτο,
284 242 299 302 ὅ
319 270 347 304 τι
368 244 402 322 δή
422 245 466 322 ἦν,
488 247 521 308 τὰ
547 249 638 309 εἵλετο
661 254 716 311 τῶν
739 250 889 329 κειμηλίων
912 253 968 312 τῶν

166 330 335 408 Ἀρίστωνος
354 333 382 414 [ά
395 333 539 418 Ἀγητος],
564 339 610 396 καὶ
628 337 710 401 αὖτδς
729 338 782 414 τήν
802 339 901 416 ὁμοίην
922 341 967 414 ζη-

164 421 235 480 τέων
255 420 393 497 φέρεσθαι
408 423 473 500 παρ’
488 427 599 496 ἐκείνου,
614 427 733 486 ε’νθαῦτα
747 427 780 502 δή
794 431 844 486 τοῦ
858 429 967 503 ἑταίρου

164 507 219 584 τήν
231 513 347 588 γυναῖκα
361 515 489 588 έπειρᾶτο
510 511 680 594 ἀπάγεσθαι·
701 513 717 574 6
731 513 761 573 δὲ
773 516 850 590 πλήν
867 515 967 574 τούτου

164 595 271 672 μοιίνου
283 596 319 656 τά
332 597 409 658 ἀλλα
423 601 477 675 ἔφη
491 602 661 662 καταινέσαι·
682 601 904 684 ἀναγκαζόμενος
916 603 968 679 μέν

166 710 210 744 τοι
229 689 267 764 ,τῷ
285 711 315 745 τε
334 685 405 766 ὅρκῳ
425 687 471 746 καὶ
487 693 537 764 τῆς
553 689 662 766 ἀπάτης
674 694 710 769 τῇ
723 694 878 772 παραγωγῇ
892 690 968 750 ἀπίει

166 771 337 854 ἀπάγεσθαι.
367 773 460 834 -Οὕτω
483 779 535 852 μὲν
558 772 592 854 δή
615 778 667 854 τήν
689 779 785 855 τρίτην
809 777 1013 858 ε’σηγάγετοόδ

164 865 283 940 γυναῖκα
301 862 317 922 6
338 862 484 941 Ἀρίστων,
503 866 555 940 τήν
568 866 697 943 δευτέρην
718 866 964 944 ἀποπεμψάμενος·

165 951 195 1006 ἔν
213 949 244 1008 δέ
262 953 289 1009 οἱ
305 951 397 1030 χρόνῳ
416 951 561 1022 ἐλάσσονι,
579 954 625 1012 καὶ
647 953 679 1012 οὐ
701 953 880 1030 πληρώσασα
900 951 966 1016 τοιίς

165 1034 231 1094 δέκα
245 1043 334 1113 μῆνας
346 1039 364 1113 ή
377 1040 448 1120 γυνή
461 1039 540 1116 αὕτη,
551 1042 637 1100 τίκτει
650 1044 749 1102 τοῦτον
762 1041 795 1116 δή
809 1042 858 1100 τάν
868 1039 965 1117 Δημά-

165 1147 260 1196 ρητον·
282 1127 331 1183 καί
349 1153 391 1189 τις
411 1131 438 1186 οἱ
459 1131 514 1186 τῶν
532 1130 656 1188 οἰκετέων
675 1133 704 1188 έν
724 1128 802 1207 θιάκῳ
821 1132 964 1206 κατημένῳ

167 1211 304 1283 μετὰτῶν
319 1213 426 1289 ἐφόρων
437 1214 602 1294 ἐξαγγέλλει
615 1215 651 1278 ὥς
665 1217 692 1273 οἱ
704 1219 770 1278 παῖς
777 1217 885 1295 γέγονε·
906 1215 921 1274 6
936 1215 966 1274 δέ

167 1298 352 1375 ἐπιστάμενός
364 1327 395 1359 τε
407 1301 457 1360 τάν
468 1301 572 1379 χρόνον
587 1306 625 1380 τῷ
640 1301 761 1382 ήγάγετο
779 1302 831 1378 τήν
847 1306 965 1382 γυναῖκα

166 1385 212 1443 καὶ
226 1388 270 1445 ε’πί
285 1387 427 1448 δακτύλων
444 1389 686 1467 συμβαλλόμενος
704 1391 769 1452 τοίς
788 1394 885 1466 μῆνας,
905 1390 965 1450 εἶπε

165 1473 322 1551 ἀπομόσας,
341 1488 358 1510 “
368 1476 419 1535 οὐκ
438 1475 472 1536 άν
493 1477 559 1555 ε’μδς
572 1477 639 1554 εἷη.”
679 1483 762 1538 τοῦτο
776 1477 899 1554 ἤκουσαν
911 1482 963 1556 μ’ὲν

165 1565 191 1620 οἱ
211 1563 317 1641 ἔφοροι·
332 1569 450 1645 πρῆγμα
462 1567 558 1643 μέντοι
571 1567 650 1627 οὐδὲν
663 1567 833 1643 ἐποιήσαντο
846 1567 879 1627 τά
893 1593 963 1645 παρ-

164 1651 270 1711 αυτίκα.
320 1652 337 1711 ά
358 1653 388 1712 δὲ
409 1659 475 1718 παῖς
496 1653 602 1730 ηὔξετο,
627 1656 674 1714 καὶ
700 1660 738 1735 τῷ
759 1656 906 1734 Ἀρίστωνι
927 1659 960 1717 τά

145 1773 147 1778 ·
165 1740 306 1815 εἰρημένον
326 1743 472 1819 μετέμελε·
493 1744 580 1802 παῖδα
600 1744 655 1825 γάρ
676 1745 725 1804 τάν
744 1744 914 1821 Δημάρητον
936 1750 963 1806 ἐς

163 1825 199 1886 τά
210 1827 340 1902 μάλιστά
357 1833 383 1888 οἰ
402 1830 515 1908 ε’νόμισε
534 1832 609 1892 εἶναι.
653 1833 823 1909 Δημάρητον
842 1833 871 1890 δὲ
889 1825 963 1910 αὐτῷ

164 1913 268 1991 οὔνομα
284 1918 362 1976 ἔθετο
383 1918 428 1977 διά
449 1920 521 1980 τάδε·
542 1921 678 1998 πρότερον
699 1920 803 1980 τούτων
825 1921 962 1995 πανδημεὶ

165 2003 337 2080 Σπαρτιῆται
346 2004 502 2082 Ἀρίστωνι,
512 2007 548 2070 ὦς
558 2008 636 2085 ἀνδρὶ
647 2008 833 2084 εὐδοκιμέοντι
841 2007 885 2064 διά
894 2007 962 2066 πάν-

162 2117 216 2150 των
228 2091 262 2167 δή
275 2097 331 2152 τῶν
344 2096 490 2170 βασιλέων
503 2100 557 2155 τῶν
574 2101 603 2154 έν
619 2099 655 2173 τῇ
670 2095 786 2172 Σπάρτῃ
798 2097 960 2174 γενομένων,

162 2177 233 2254 ἀρήν
252 2182 421 2257 ἐποιήσαντο
436 2184 523 2242 παῖδα
540 2183 682 2263 γενέσθαι·
704 2181 749 2239 διά
769 2185 852 2240 τοῦτο
869 2182 920 2255 μέν
935 2185 961 2241 οἶ

161 2267 194 2326 τά
209 2268 314 2346 οὕνομα
329 2272 496 2348 Δημάρητος
509 2272 599 2345 ἐτέθη.
640 2269 751 2346 Χρόνου
765 2269 794 2327 δὲ
806 2268 961 2344 προϊόντος,
971 2273 1008 2330 64

160 2353 299 2432 Ἀρίστων
311 2361 363 2435 μὲν
375 2358 496 2418 ἀπέθανε
507 2357 676 2434 Δημάρητος
690 2357 719 2415 δέ
733 2358 800 2436 ἔσχε
810 2357 861 2433 τήν
874 2359 959 2434 βασι-

160 2445 252 2521 ληίην.
275 2448 332 2506 έδεε
351 2448 388 2517 δὲ,
405 2446 441 2509 οἷς
458 2449 537 2516 ἔοικε,
553 2444 699 2506 ἀνάπυστα
718 2445 854 2526 γενόμενα
872 2451 960 2506 ταῦτα

160 2540 340 2595 καταπαῦσαι
348 2535 517 2612 Δημάρητον
530 2539 580 2610 τῆς
592 2535 756 2612 βασιληίης,
765 2534 810 2594 διά
822 2535 857 2595 τοὶ
869 2540 959 2596 Κλεο·

159 2623 237 2698 μένεϊ
254 2624 394 2700 διεβλήθη
412 2624 540 2705 μεγάλως
556 2623 692 2702 πρότερόν
710 2650 741 2684 τε
761 2623 777 2684 6
792 2624 960 2702 Δημάρητος

158 2707 313 2793 ἀπαγαγών
334 2713 385 2788 τήν
401 2712 538 2790 στρατιήν
560 2713 590 2782 ἐξ
606 2711 777 2784 Ἐλευσῖνος,
792 2714 838 2772 καὶ
857 2713 890 2788 δή
913 2713 959 2770 καὶ

157 2797 223 2858 τάτε
251 2800 293 2858 ἐπ’
321 2803 488 2881 Αἰγινητέων
518 2801 582 2864 τούς
609 2799 780 2878 μηδίσαντας
806 2801 957 2877 διαβάντος

159 2890 344 2964 Κλεομένεος.
385 2889 534 2967 Ὀρμηθεὶς
551 2889 589 2949 ὧν
607 2889 807 2951 ἀποτίνννσθαι
828 2889 843 2947 6
868 2894 956 2947 Κλεο-
967 2889 1005 2968 65

156 2975 250 3052 μένης,
266 2979 425 3038 συντίθεται
435 2979 589 3057 Λευτυχίδῃ
603 2982 640 3056 τῷ
649 2977 793 3055 Μενάρεος
802 2976 965 3054 τοῦἈγιος,

157 3063 231 3123 ε’άντι
245 3068 332 3142 οἰκίης
345 3073 394 3142 τῆς
407 3066 491 3140 αὐτῆς
506 3067 672 3144 Δημαρήτῳ,
684 3065 725 3124 ἐπ’
740 3063 761 3143 ᾧ
774 3091 812 3136 τε,
826 3063 860 3140 ἢν
874 3061 958 3122 αάτδν

157 3154 325 3234 καταστήσῃ
340 3157 467 3231 βασιλέα
486 3155 546 3214 ἀντὶ
563 3154 742 3230 Δημαρήτου,
758 3154 855 3230 ἕψεταί
870 3154 895 3209 οἱ
915 3149 957 3208 ἐπ’

157 3244 336 3324 Αἰγινήτας..
359 3243 375 3303 6
394 3243 423 3302 δὲ
440 3243 608 3322 Λευτυχίδης
628 3241 663 3315 ήν
686 3239 784 3318 ε’χθρδς
805 3243 842 3318 τῷ
860 3247 956 3315 Δημα·

154 3333 231 3411 ρήτῳ
249 3332 378 3407 μάλιστα
396 3330 516 3413 γεγονώς
534 3328 580 3390 διὰ
596 3337 714 3408 πρῆγμα
734 3325 850 3402 τοιάνδε·
872 3325 956 3403 ἀρμο·
