2278 3538
139 159 277 224 ιιι-ιιι]
451 159 637 208 nomam.
893 157 938 209 ιιι

137 241 170 302 τό
187 240 280 318 όρθδν,
295 238 360 299 ἀλλ’
379 238 428 299 ούκ
448 245 476 304 ἐς
491 240 662 318 Ἀθηναίους,
676 237 940 318 παρασκευάζεσθαι

138 329 175 389 ὧν
188 327 286 392 αύτούς
297 327 332 392 ὦς
341 328 573 408 ναυμαχήσοντας
584 329 781 404 συνεβούλευε,
793 326 828 391 ὦς
840 327 940 387 τούτου

138 416 230 480 ἐόντος
249 420 299 476 τοῦ
323 416 435 486 ξυλίνου
461 417 576 496 τείχεος.
617 415 704 494 ταύτῃ
731 415 939 493 Θεμιστοκλέος

137 504 372 580 ἀποφαινομένου,
388 503 532 580 Ἀθηναῖοι
550 504 638 564 ταῦτά
654 511 710 579 σφι
728 505 851 584 ἔγνωσαν
868 506 938 580 αἶρε-

137 592 241 670 τιύτερα
256 593 324 651 εἶναι
337 596 451 668 μᾶλλον
463 589 481 666 ἢ
494 591 530 651 ταὶ
543 595 597 651 τῶν
610 590 828 672 χρησμολόγων·
851 590 877 649 οἳ
891 590 940 650 ούκ

138 681 188 740 ἐων
205 681 361 759 ναυμαχίην
379 678 537 758 ἀρτέεσθαι,
551 680 584 739 τό
604 680 634 738 δέ
653 679 769 755 σύμπαν
786 679 862 748 εἶναι,
878 678 941 738 ούδέ

137 772 232 848 χεῖρας
259 767 453 845 ἀνταείρεσθαι
480 767 558 827 ἀλλά
585 767 749 830 ἐκλιπόντας
772 765 866 845 χώρην
889 766 941 842 τήν

137 856 266 932 Ἀττικήν
274 855 366 932 άλλην
373 856 435 915 τινὰ
444 858 563 928 οἰκίζειν.
585 855 684 932 Ἑτέρη
693 882 724 914 τε
734 855 988 931 Θεμιστοκλέϊ144

137 944 234 1025 γνώμη
256 945 401 1021 ἔμπροσθε
421 942 524 1019 ταύτης
545 950 572 1008 ἐς
594 944 689 1021 καιρόν
708 943 868 1020 ήρίστευσε·
896 941 942 1002 ὅτε

138 1031 312 1107 Ἀθηναίοισι
338 1032 493 1112 γενομένων
519 1031 669 1110 χρημάτων
692 1030 822 1110 μεγάλων
849 1035 878 1088 ἐν
904 1035 942 1108 τῷ

139 1123 228 1199 κοινῷ,
241 1119 277 1179 τά
290 1125 320 1178 ἐκ
332 1121 388 1179 τῶν
405 1117 555 1195 μετάλλων
572 1125 628 1194 σφι
646 1119 793 1194 προσῆλθε
811 1121 866 1177 τῶν
885 1116 941 1177 α’πό

138 1208 283 1285 Λαυρείου,
301 1208 421 1285 ἐμελλον
442 1207 581 1276 λάξεσθαι
598 1206 718 1285 ὀρχηδὸν
739 1207 856 1268 ἕκαστος
876 1206 942 1265 δέκα

139 1297 274 1376 δραχμάς·
301 1295 364 1356 τότε
384 1297 592 1373 Θεμιστοκλέης
612 1295 751 1375 άνέγνωσε
770 1294 941 1370 Ἀθηναίους,

138 1389 188 1460 τῆς
214 1386 364 1462 διαιρέσιος
396 1383 498 1460 ταύτης
527 1384 722 1460 παυσαμένους
749 1383 811 1445 νέας
837 1382 942 1442 τούτων

138 1478 193 1534 τῶν
206 1474 356 1553 χρημάτων
369 1471 546 1548 ποιήσασθαι
557 1471 709 1548 διηκοσίας,
721 1476 748 1533 ἐς
757 1470 806 1530 τόν
816 1469 942 1546 πόλεμον

138 1562 187 1622 τόν
211 1563 280 1638 πρός
302 1560 452 1643 Αἰγινήτας
474 1561 573 1641 λέγων·
603 1558 684 1622 οὗτος
704 1558 759 1640 γάρ
781 1558 797 1618 ό
817 1557 943 1636 πόλεμος

140 1651 247 1713 συστάς
264 1652 353 1710 ἔσωσε
369 1649 433 1710 τότε
446 1649 498 1726 τήν
510 1649 645 1722 Ἑλλάδα,
660 1647 821 1728 ἀναγκάσας
835 1649 942 1708 θαλασ-

140 1739 218 1801 σίους
230 1740 362 1818 γενέσθαι
377 1737 551 1814 Ἀθηναίους·
573 1741 601 1796 αἶ
615 1737 644 1796 δὲ
658 1741 685 1799 ἐς
698 1735 730 1795 τό
743 1738 795 1812 μὲν
809 1734 938 1812 ἐποιήθη-

141 1851 196 1886 σαν
216 1826 266 1886 ούκ
286 1825 478 1905 ἐχρήσθησαν·
507 1831 534 1889 ἐς
556 1825 618 1885 δέον
636 1825 665 1884 δὲ
682 1823 752 1883 οὕτω
769 1828 804 1902 τῇ
824 1823 943 1882 Ἑλλάδι

141 1915 277 1995 ἐγένοντο·
319 1913 402 1975 αὗταί
421 1941 452 1974 τε
473 1914 508 1990 δή
531 1917 559 1972 αἱ
581 1915 639 1976 νέες
665 1917 741 1972 τοῖσι
767 1910 942 1986 Ἀθηναίοισι

140 2005 357 2080 προποιηθεῖσαι
376 2003 511 2082 ὑπῆρχον,
526 2003 619 2078 ἐτέρας
638 2027 670 2060 τε
690 2001 746 2059 ἔδεε
765 2025 942 2076 προσναυπη·

140 2092 265 2172 γέεσθαι·
286 2092 363 2161 ἔδοξέ
374 2117 405 2150 τε
419 2098 483 2166 σφι,
493 2090 564 2168 μετά
578 2088 611 2149 τό
622 2087 795 2168 χρηστήριον
808 2088 943 2162 βουλευα·

140 2181 260 2256 μένοισι,
285 2180 398 2239 ἐπιόντα
425 2180 471 2238 ἐπὶ
497 2182 549 2254 τήν
568 2178 696 2238 Ἑλλάδα
722 2177 771 2236 τόν
792 2174 944 2252 βάρβαρον
1007 2223 1009 2230 .

142 2267 271 2327 δέκεσθαι
288 2272 357 2346 τῇσι
376 2267 459 2344 νηυσὶ
477 2267 622 2343 πανδημεὶ,
636 2271 675 2345 τῷ
690 2267 743 2343 θεῷ
755 2264 944 2339 πειθομένους,

143 2353 200 2430 ἅμα
226 2355 370 2431 Ἑλλήνων
395 2359 472 2416 τοῖσι
501 2355 714 2432 βουλομένοισι.
765 2351 800 2410 τά
826 2351 878 2426 μὲν
911 2350 945 2427 δή

143 2443 302 2524 χρηστήρια
314 2447 400 2506 ταῦτα
413 2449 489 2504 τοῖσι
501 2445 677 2519 Ἀθηναίοισι
691 2440 825 2523 ἐγεγόνεε.

177 2532 394 2614 Συλλεγομένων
407 2533 436 2592 δέ
451 2539 478 2595 ἐς
490 2531 578 2592 τιύυτδ
593 2536 648 2592 τῶν
662 2531 725 2606 περὶ
738 2528 790 2604 τήν
799 2527 925 2586 Ἐλλάδα
937 2529 993 2584 145

144 2619 287 2697 Ἑλλήνων
302 2624 357 2681 τῶν
374 2620 409 2680 τά
426 2620 527 2696 άμείνω
549 2618 731 2695 φρονεόντων,
753 2618 798 2675 καὶ
819 2616 947 2676 διδόντων

143 2710 231 2783 σφίσι
247 2709 334 2791 λόγον
351 2710 396 2767 καί
411 2710 516 2777 πίστιν,
535 2703 764 2768 ἐνθαῦτα-ἐδόκεε
777 2703 946 2780 βουλευομέ-

143 2823 218 2856 νοισι
232 2796 350 2868 αύτοῖσι,
365 2800 475 2874 πρῶτον
494 2799 545 2872 μὲν
557 2793 709 2874 χρημάτων
721 2792 831 2852 πόντων
845 2796 946 2851 καταλ-

143 2884 307 2945 λάσσεσθαι
326 2883 376 2946 τάς
395 2908 426 2943 τε
447 2884 548 2963 ἔχθρας
568 2882 613 2940 καὶ
634 2879 699 2945 τούς
719 2879 777 2939 κατ’
801 2878 945 2954 ἀλλήλους

145 2972 240 3036 ἐόντας
263 2973 413 3049 πολέμους·
442 2971 516 3048 ἦσαν
537 2970 565 3028 δὲ
586 2968 656 3045 πρός
676 2994 752 3030 τινας
773 2968 819 3026 καὶ
842 2966 948 3027 ἄλλους

145 3064 349 3140 ἐγκεχρημένοι,
369 3059 384 3120 ό
406 3061 435 3119 δέ
458 3059 494 3119 ὦν
513 3059 647 3138 μέγιστος
664 3054 841 3130 Ἀθηναίοισί
855 3079 885 3112 τε
903 3052 948 3110 καὶ

145 3149 320 3228 Αἰγινήτῃσι·
348 3147 419 3224 μετὰ
440 3147 477 3216 δὲ,
498 3144 699 3220 πυνθανόμενοι
716 3141 822 3218 Ξέρξεα
840 3139 892 3198 σύν
910 3142 949 3217 τῷ

145 3241 257 3314 στρατῷ
270 3237 339 3297 εἶναι
353 3241 381 3294 ἐν
396 3235 521 3311 Σάρδισι,
533 3231 741 3309 ἐβουλεύσαντο
757 3225 949 3288 κατασκόπους

145 3322 265 3398 πέμπειν
284 3329 311 3386 ἐς
328 3321 380 3400 τήν
392 3320 493 3395 Ἀσίην
506 3323 560 3376 τῶν
577 3315 717 3392 βασιλέος
729 3313 907 3393 πρηγμάτων,
921 3315 948 3375 ἒς
