2276 3538
171 154 310 217 urz-112]
505 152 691 201 αοιοιιοιι.
923 155 969 198 ιιι

169 234 198 293 δὲ
216 232 294 312 χώρη
307 231 377 308 αῦτη
392 231 483 292 πύλαι
500 236 552 308 μὲν
571 233 701 292 ἐκαλέετο
719 230 867 307 Γαλλαϊκή
880 235 928 291 νῦν
943 232 971 292 δὲ

168 320 329 396 Βριαντική·
347 322 406 380 ἔστι
419 321 515 397 μέντοι
528 323 566 399 τῷ
580 319 742 399 δικαιοτάτῳ
752 325 806 380 τῶν
819 320 912 400 λόγων
926 320 971 378 καὶ

168 407 238 484 αῦτη
260 408 394 468 Κικόνων.
438 406 551 483 Διαβιῖς
569 409 598 467 δὲ
619 412 668 466 τοῦ
689 408 803 466 Λίσσου
823 412 951 484 ποταμοῦ
964 409 1017 476 109

167 496 201 556 τό
218 497 332 574 ῥέεθρον
345 496 586 572 α’ποξηρασμένον,
600 496 683 560 πόλις
699 495 865 570 Ἑλληνίδας
884 495 971 555 τάσδε
1046 555 1049 560 ,

168 587 370 661 παραμείβετο·
389 585 562 660 Μαρώνειαν,
574 585 701 656 Δίκαιαν,
710 582 853 661 Ἀβδηρα·
869 583 971 648 ταύτας

168 699 198 731 τε
217 673 250 749 δή
264 672 404 750 παρεξήῐε,
420 673 465 732 καὶ
482 673 552 731 κατά
565 671 667 734 ταύτας
681 673 718 744 δὲ,
734 672 835 746 λίμνας
848 670 969 748 ὀνομασ-

168 760 219 824 τός
244 762 339 820 τάσδε·
372 761 535 837 Μαρωνείης
561 763 612 836 μὲν
639 758 743 836 μεταξῦ
770 758 816 818 καὶ
843 758 971 836 Στρύμης

169 850 295 924 κειμένην
309 842 468 924 Ἰσμαρίδα·
490 847 560 907 κατιῖ
580 848 609 906 δὲ
626 849 752 915 Δίκαιαν,
769 847 929 916 Βιστονίδα,
943 852 971 910 ἐς

168 936 220 1012 τήν
241 938 364 1017 ποταμοὶ
387 936 436 995 δύο
460 940 563 996 ε’σιεῖσι
585 937 618 996 τό
640 935 719 1012 ὕδωρ,
743 935 850 1011 Τραῦός
872 961 903 994 τε
924 937 970 994 καὶ

170 1025 333 1102 Κόμψατος·
356 1024 426 1083 κατά
446 1024 475 1083 δὲ
491 1023 633 1100 ΙἌβδηρα,
652 1023 754 1100 λίμνην
772 1026 823 1099 μὲν
841 1021 971 1100 οὐδεμίαν

169 1116 271 1171 έοῦσαν
292 1111 471 1188 ούνομαστήν
491 1112 688 1188 παραμείψατο
709 1111 822 1188 Ξέρξης,
843 1111 971 1188 ποταμόν

169 1199 198 1256 δὲ
222 1202 335 1260 Νέστον
355 1202 454 1276 ῥέοντα
475 1205 502 1263 ές
526 1199 687 1260 θάλασσαν.
727 1199 798 1276 μεταὶ
819 1200 849 1258 δὲ
870 1199 971 1264 ταύτας

169 1287 219 1350 τάς
238 1287 330 1366 χώρας
351 1288 399 1348 ἰών
413 1288 463 1351 τώς
482 1287 663 1365 ἠπειρώτιδας
682 1287 766 1351 πόλις
785 1287 895 1365 παρήῐε·
915 1292 970 1348 τιῦν

169 1380 198 1436 έν
207 1380 259 1454 μιῇ
269 1377 355 1452 λίμνη
369 1380 455 1436 ἐοῦσα
467 1376 598 1457 τυγχάνει
613 1375 679 1458 ώσεὶ
691 1375 839 1453 τριήκοντα
850 1377 970 1436 σταδίων

167 1463 296 1540 μάλιστά
318 1491 353 1540 κη
373 1465 424 1542 τήν
445 1465 582 1547 περίοδον,
605 1464 739 1544 ἰχθυώδης
758 1489 788 1522 τε
812 1464 858 1522 καὶ
882 1463 970 1540 κάρτα

168 1553 289 1630 ώλμυρή·
310 1553 414 1628 ταύτην
429 1552 464 1612 τιῖ
482 1552 618 1634 ὑποζύγια
634 1557 724 1628 μοῦνα
739 1551 878 1629 ἀρδόμενα
893 1551 969 1621 άνεξ-

167 1639 260 1718 η’ρηνε·
288 1643 325 1720 τῇ
349 1641 378 1700 δὲ
401 1640 470 1700 πόλι
493 1640 580 1720 ταύτῃ
602 1639 707 1717 οῦνομά
730 1645 792 1700 ε’στι
817 1641 968 1718 Πίστυρος·

167 1727 268 1790 ταύτας
280 1730 332 1804 μὲν
345 1727 379 1803 δή
392 1727 442 1790 τάς
455 1727 546 1797 πόλις,
560 1727 610 1792 ταῖς
626 1728 864 1805 παραθαλασσίας
878 1755 909 1787 τε
924 1728 969 1787 καὶ

166 1814 343 1891 Ἑλληνίδας,
360 1816 391 1885 ἐξ
410 1814 548 1891 εὐωνύμου
568 1816 661 1895 χειρός
681 1816 808 1896 ἀπέργων
828 1816 968 1893 παρεξήῖε.

164 1896 266 1963 Ἐθνεα
280 1904 309 1962 δὲ
323 1905 457 1978 Θρηίκων,
471 1903 504 1962 δι’
519 1901 556 1963 ὧν
568 1907 619 1980 τῆς
635 1904 726 1983 χώρης
738 1904 803 1964 ὁδόν
817 1905 947 1974 ε’ποιέετο,
960 1906 1017 1964 110

167 1993 279 2052 τοσάδε·
302 1995 412 2060 Παῖτοι,
436 1992 559 2062 Κίκονες,
583 1994 723 2066 Βίστονες,
748 1995 876 2065 Σαπαῖοι,
900 2001 967 2070 Δερ·

168 2084 254 2149 σαῖοι,
267 2079 392 2151 Ἠδωνοὶ,
409 2078 523 2154 Σάτραι·
544 2079 648 2139 τούτων
662 2084 688 2139 οῖ
704 2083 755 2156 μὲν
768 2080 845 2157 παρά
861 2079 967 2140 θάλασ-

168 2193 223 2226 σαν
237 2168 430 2243 κατοικημένοι
444 2173 472 2226 έν
482 2171 550 2247 τῇσι
563 2170 645 2243 νηυσὶ
659 2169 779 2228 εἵποντο·
796 2171 823 2228 οἱ
837 2168 866 2226 δὲ
880 2167 969 2227 αὐταῖν

168 2256 219 2329 τήν
231 2253 388 2336 μεσόγαιαν
402 2256 544 2326 οἰκέοντες,
560 2257 776 2334 καταλεχθέντες
788 2281 819 2314 τε
833 2255 878 2322 ,ὕπ’
893 2259 967 2331 έμεῦ,

167 2341 245 2417 πλήν
262 2344 389 2419 Σατρέων
403 2346 429 2402 οἱ
447 2343 533 2402 ἄλλοι
549 2344 650 2407 πάντες
666 2345 736 2422 πεζῇ
750 2342 968 2424 ἀναγκαζόμενοι

168 2431 288 2492 εἵποντο.
324 2429 430 2507 Σάτραι
443 2431 472 2490 δὲ
489 2431 598 2494 ου’δενύς
612 2453 649 2490 κω
663 2430 815 2508 ἀνθρώπων
830 2430 948 2506 ῦπήκοοι
959 2433 1014 2491 lll

168 2521 303 2600 ἐγένοντο,
314 2518 384 2578 ὅσον
393 2518 472 2596 ἡμεῖς
483 2519 568 2596 ἴδμεν·
583 2519 660 2578 αῖλλοῖ
671 2519 828 2578 διατελεῦσι
838 2517 871 2579 τό
885 2520 970 2597 μέχρι

168 2611 234 2683 ἐμεῦ
251 2607 304 2666 αῖεῖ
320 2606 410 2670 ἐόντες
424 2607 564 2684 ἐλεύθεροι
580 2612 677 2682 μοῦνοι
691 2608 825 2684 Θρηίκων·
847 2608 971 2667 οἰκέουσί

166 2719 198 2754 τε
217 2695 272 2776 γάρ
293 2695 377 2772 ούρεα
397 2695 494 2775 ύφκηλιῖ
517 2696 594 2775 ἴδῃσί
611 2722 641 2755 τε
660 2697 809 2776 παντοίῃσι
830 2697 876 2755 καὶ
895 2695 969 2775 χιόνι
1015 2717 1017 2722 ·

168 2786 336 2860 συνηρεφέα,
351 2786 397 2844 καὶ
411 2786 466 2844 εῖσῖ
479 2783 514 2844 τιῖ
527 2785 651 2861 πολέμια
664 2781 753 2861 ι’ίκροι.
788 2781 865 2844 οῦτοι
880 2785 906 2843 οῖ
919 2789 969 2844 τοῦ

169 2864 309 2924 Διονύσου
322 2865 355 2924 τό
368 2865 502 2942 μαντήῖόν
514 2869 569 2924 εἱσι
580 2866 731 2942 ἐκτημένοι·
747 2863 780 2924 τό
791 2865 821 2924 δέ
833 2864 968 2941 μαντήϊον

168 2956 251 3012 τοῦτο
275 2955 335 3014 ἔστι
357 2958 409 3031 μὲν
433 2955 478 3014 ε’πῖ
499 2959 553 3013 τῶν
577 2954 677 3028 ούρέων
698 2957 752 3013 τοῖν
773 2953 967 3031 ύψηλοτότων·

169 3043 282 3116 Βησσοὶ
300 3043 329 3101 δὲ
349 3047 403 3104 τών
422 3043 549 3119 Σατρέων
566 3043 620 3100 εῖσῖ
640 3044 666 3100 οἱ
684 3040 906 3116 προφητεύοντες
918 3043 968 3098 τοῦ

170 3131 237 3204 ἱροῦ,
248 3129 401 3208 πρόμαντις
414 3131 443 3190 δὲ
457 3131 476 3205 ἡ
489 3132 622 3209 χρέουσα,
637 3129 760 3203 κατάπερ
774 3133 803 3186 έν
814 3130 967 3201 Δελφοῖσι,

168 3218 214 3276 καὶ
228 3219 307 3279 οὐδὲν
320 3218 524 3294 ποικιλώτερον,

181 3291 462 3384 ’Παραμειψάμενος
489 3306 519 3366 δὲ
545 3305 562 3366 ὁ
589 3304 695 3382 Ξέρξης
716 3300 769 3378 τήν
796 3302 1015 3378 εἷρημένην,112
