2268 3536
194 145 226 192 το
499 139 681 188 Ἧυοιοτοτ
944 139 991 203 [ν.

193 218 316 292 ἑκάτεροι
334 215 424 276 αὔτῶν
437 216 575 293 μαρτύρια
588 216 801 294 ἀποφαίνονται·
816 217 862 277 καὶ
874 216 994 293 πάρεστι

192 304 351 379 ὁκοτέροισί
358 330 400 368 τις
412 305 537 364 πείθεται
554 303 651 373 αὐτῶν,
660 303 785 364 τούτοισι
795 307 993 383 προσχωρέειν.

143 395 181 452 46
193 394 349 456 Συνέπλεον
363 393 392 451 δὲ
407 394 510 470 Δωριέῖ
524 393 569 451 καὶ
583 392 667 450 ἄλλοι
685 393 854 472 συγκτίσται
873 395 992 471 Σπαρτι-

190 481 283 556 ητέων,
305 481 455 544 Θεσσαλός
476 482 521 540 καὶ
543 480 729 558 Παραιβάτης
750 481 795 540 καὶ
817 482 926 557 Κελέης
947 482 992 541 καὶ

189 568 346 646 Εὐρυλέων·
368 570 394 630 οἳ
416 571 477 630 ε’πεί
492 595 523 628 τε
541 569 674 630 ἀπίκοντο
692 569 775 628 παντὶ
792 569 887 648 στόλῳ
902 574 929 632 ές
942 570 992 646 τήν

190 659 328 734 Σικελίην,
349 657 487 719 ἀπέθανον
508 657 587 737 μάχη
609 657 777 720 ἑσσωθέντες
800 656 855 717 ὑπό
875 682 905 716 τε
926 665 991 717 Φοι,

192 747 272 806 νίκων
289 749 334 805 καὶ
351 745 530 827 Ἐγεσταίων·
551 750 653 823 μοῦνος
672 745 703 804 δέ
719 770 753 826 γε
771 742 919 822 Εὐρυλέων
937 750 992 806 τῶν

190 835 380 913 συγκτιστέων
402 835 574 914 περιεγένετο
597 833 696 893 τούτου
716 836 765 892 τοῦ
786 833 898 896 πάθεος·
920 838 989 892 συλη

189 920 288 996 λοβῶν
308 921 338 979 δὲ
358 919 438 984 οὗτος
457 926 508 996 τῆς
527 925 661 999 στρατιῆς
680 921 744 984 τους
763 923 992 1003 περιγενομένους

189 1009 256 1087 ἔσχε
277 1009 392 1084 Μινώην
411 1009 462 1085 τήν
480 1010 667 1073 Σελινουσίων
686 1008 823 1084 ἀποικίην,
845 1010 891 1068 καὶ
912 1035 990 1069 συνε·

188 1098 320 1175 λευθέρου
341 1098 537 1162 Σελινουσίους
554 1101 604 1157 τοῦ
624 1097 784 1175 μουνάρχου
801 1098 990 1178 Πειθαγόρεω·

187 1185 259 1262 μετὰ
271 1186 308 1259 δὲ,
325 1185 361 1250 οἷς
374 1189 474 1246 τοῦτον
491 1189 611 1255 κατεῖλε,
626 1184 708 1248 ου’τός
724 1186 863 1263 τυραννίδι
883 1187 989 1265 ε’πεχεί-

186 1301 258 1352 ρησε
279 1277 467 1346 Σελινοῦντος,
482 1275 527 1335 καὶ
546 1273 739 1354 ἐμουνάρχησε
756 1274 858 1354 χρόνον
875 1273 917 1332 ἐπ’
931 1273 989 1332 ὀλί-

186 1391 246 1444 γον·
259 1368 285 1426 οἱ
292 1364 346 1446 γάρ
354 1391 403 1442 μιν
416 1368 594 1428 Σελινοΰσιοι
607 1362 812 1424 ἐπαναστάντες
826 1361 989 1420 άπέκτειναν

140 1453 177 1510 47
187 1454 385 1532 καταφυγόντα
415 1453 460 1510 ε’πὶ
485 1451 554 1514 Διὸς
578 1450 711 1529 ἀγοραίου
736 1446 843 1524 βωμόν.
886 1447 987 1510 Συνέσ-

186 1564 254 1598 πετο
271 1540 299 1598 δὲ
318 1539 421 1616 Δωριέῖ
438 1539 483 1596 καὶ
501 1537 674 1596 συναπέθανε
689 1537 830 1597 Φίλιππος
848 1533 863 1593 ό
883 1540 987 1594 Βουτα-

186 1627 272 1695 κίδεω,
296 1625 489 1703 Κροτωνιήτης
507 1623 586 1700 οἷνήρ·
614 1622 644 1686 ὃς
664 1621 859 1700 ἁρμοσάμενος
877 1621 985 1698 Τήλυος

186 1719 235 1773 τοῦ
255 1714 416 1790 Συβαρίτεω
435 1712 572 1793 θυγατέρα
588 1712 673 1790 ἔφυγε
692 1716 721 1770 ε’κ
739 1709 894 1788 Κρότωνος·
923 1719 986 1790 ψευ-

186 1803 264 1866 σθεὶς
287 1802 316 1862 δὲ
340 1805 391 1860 τοῦ
410 1801 502 1883 γάμου
521 1800 614 1878 οἴχετο
632 1801 725 1860 πλέων
743 1804 771 1864 ἐς
792 1799 932 1876 Κυρήνην·
957 1806 987 1860 ἑκ

185 1890 285 1966 ταύτης
306 1891 335 1950 δὲ
355 1889 528 1968 όρμεοίμενος
549 1889 705 1948 συνέσπετο
724 1889 814 1967 οἱκηΐη
831 1915 862 1948 τε
882 1889 987 1966 τριήρεϊ

186 1980 231 2038 καί
246 1980 336 2057 οίκηΐη
350 1978 455 2055 ἀνδρῶν
471 1976 588 2054 δαπάνῃ,
603 1976 653 2036 εἰόν
665 2001 696 2036 τε
709 1976 928 2054 Ὀλυμπιονίκης
941 1980 986 2038 καὶ

149 2081 152 2086 “
185 2067 339 2131 κάλλιστος
360 2066 505 2142 Ἑλλήνων
526 2069 581 2126 τῶν
603 2064 661 2124 κατ’
684 2064 792 2126 ἑωυτόν.
834 2064 879 2124 διά
902 2065 931 2123 δὲ
953 2065 985 2126 τό

185 2159 284 2218 ἑωυτοῦ
303 2155 409 2218 κάλλος
427 2156 549 2215 ε’νείκατο
562 2153 644 2230 παρά
661 2152 832 2234 Ἐγεσταίων
849 2153 885 2212 τά
899 2153 987 2216 οὐδεὶς

185 2243 282 2310 ἄλλος·
298 2245 343 2305 ε’πὶ
355 2244 410 2326 γάρ
424 2248 473 2305 τοῦ
486 2243 579 2321 τάφου
593 2241 677 2302 αὐτοῦ
692 2241 792 2319 ήριίϊον
807 2241 985 2319 ἱδρυσάμενοι

137 2335 176 2391 48
186 2335 303 2413 θυσίῃσι
318 2332 403 2393 αὐτόν
418 2333 592 2393 ἱλάσκονται.
635 2331 755 2408 Δωριεύς
768 2330 819 2407 μέν
833 2355 880 2388 νυν
893 2329 986 2410 τρόπῳ

185 2421 299 2499 τοιούτῳ
321 2420 494 2496 ἐτελεύτησε·
516 2425 541 2479 εἰ
559 2420 588 2480 δὲ
606 2419 743 2497 ήνέσχετο
763 2417 987 2494 βασιλευόμενος

185 2507 240 2567 ήπὸ
254 2508 429 2583 Κλεομένεος
442 2509 487 2566 καὶ
504 2509 634 2582 κατέμενε
648 2512 677 2566 έν
696 2506 820 2584 Σπάρτη,
835 2507 987 2614 ἑβασιλευε

186 2594 219 2655 ἂν
232 2594 447 2671 Λακεδαίμονος
489 2593 521 2653 οὔ
533 2594 588 2674 γάρ
604 2620 666 2654 τινα
681 2594 793 2654 πολλόν
805 2593 907 2672 χρόνον
920 2593 986 2702 ήρξε

186 2683 201 2742 6
217 2683 386 2758 Κλεομένης,
404 2681 470 2741 ἀλλ’
488 2681 646 2741 άπέθανε
628 2707 711 2744 απαις
732 2683 869 2762 θυγατέρα
882 2681 988 2758 μούνην

186 2770 275 2830 λιπολν
288 2773 323 2848 τῇ
337 2767 473 2847 οὕνομα’
455 2796 490 2846 ην
503 2768 610 2849 Γοργω.

137 2860 176 2919 49
226 2856 399 2917 Ἀπικνέεται
425 2857 451 2917 δ“
477 2857 513 2918 ὧν
541 2857 556 2918 6
583 2855 788 2935 Ἀρισταγόρης
814 2857 830 2916 6
855 2854 988 2932 Μιλήτου

186 2946 351 3024 τύραννος’
338 2971 366 3008 ες
385 2946 436 3023 τήν
456 2945 596 3025 Σπάρτην,
616 2945 823 3021 Κλεομένεος”
809 2969 921 3024 εχοντος
936 2943 988 3019 τήν

186 3033 286 3115 άρχήν·
320 3038 359 3113 τῶ
384 3033 418 3111 δή
447 3039 474 3098 ές
501 3032 649 3116 λόγους”
630 3042 682 3109 ηϊε,
711 3057 746 3095 ως
766 3031 989 3140 Λακεδαιμόνιοι

186 3124 349 3203 λέγουσι,”
335 3149 404 3236 εχων
427 3123 549 3202 χάλκεον
569 3123 672 3182 πίνακα
693 3125 721 3180 έν
741 3147 781 3199 τερ
766 3117 892 3201 Α’γῆς
874 3117 988 3194 απάσης

189 3212 358 3288 περίοδος’
346 3213 517 3288 ενετέτμητο,
547 3211 593 3269 καλ
620 3207 757 3269 θάλασσά
776 3233 808 3268 τε
834 3210 916 3266 πᾶσα
944 3207 990 3264 καὶ

187 3301 310 3375 ποταμοὶ
327 3298 436 3362 πάντες·
447 3296 652 3376 ,ἀπικνεόμενος
665 3296 695 3355 δὲ
709 3294 851 3371 ε’ςλόγους
865 3293 880 3354 ὁ
893 3293 996 3369 Ἀρια·,
