2276 3538
173 168 283 231 ιιι-ιι]
476 168 662 218 nomam,
855 231 857 234 Ι
920 170 966 216 ιιι

172 247 188 305 ό
211 245 340 321 Ὀτάνεω,
374 245 514 324 Ὑρκάνιοι
538 247 567 306 δὲ
591 247 713 324 κατάπερ
736 249 848 325 Πέρσαι
871 247 970 308 ἐσεσά-

171 359 251 411 χατο,
266 333 391 414 ἦγεμόνα
409 335 595 412 παρεχόμενοι
614 334 786 415 Μεγάπανον
807 335 858 395 τόν
875 337 969 412 Βαβυ-

172 425 260 484 λῶνος
277 421 395 498 ὕστερον
414 423 517 481 τούτων
531 423 778 499 ἐπιτροπεύσαντα.
820 422 967 500 Ἀσσύριοι
979 425 1017 482 63

172 509 201 566 δὲ
214 509 429 586 στρατευόμενοι
442 511 506 587 περὶ
515 513 567 586 μὲν
576 515 646 590 τῇσι
660 515 804 590 κεφαλῇσι
816 510 891 588 εἶχον
900 511 969 589 χάλ-

172 595 221 655 κεά
233 623 264 656 τε
279 597 379 674 κράνεα
393 599 438 657 καὶ
451 599 632 680 πεπλεγμένα
647 597 753 675 τρόπον
773 598 835 658 τινὰ
855 598 967 675 βάρβα-

171 711 222 761 ρον
245 685 295 744 ούκ
320 684 509 766 εὐαπήγητον·
536 686 658 748 α’σπίδας
680 686 709 745 δέ
732 687 778 744 καὶ
799 687 902 763 αἰχμάς
925 687 971 744 καὶ

173 773 323 853 ἐγχειρίδια
335 773 523 850 παραπλήσια
535 777 603 853 τῇσι
617 775 788 854 Αἰγυπτίῃσι
803 773 887 852 εἶχον·
902 773 971 849 πρός

173 860 210 929 δέ,
231 860 344 938 ῥόπαλα
367 859 456 930 ξύλων
478 862 653 938 τετυλωμένα
677 862 781 940 σιδήρῳ
801 862 846 919 καὶ
864 862 971 925 λινέους

173 947 306 1024 θώρηκας·
335 946 412 1008 οὗτοι
438 950 467 1008 δέ
494 949 548 1008 ύπδ
575 953 626 1026 μὲν
651 949 795 1025 Ἑλλήνων
823 951 970 1010 ἐκαλέοντο

173 1035 276 1112 Σύριοι,
290 1036 344 1096 ύπδ
359 1036 388 1095 δέ
401 1041 456 1095 τῶν
468 1036 624 1114 βαρβάρων
637 1037 786 1115 Ἀσσύριοι
799 1038 969 1113 ἐκλήθησαν·

172 1123 276 1183 τούτων
296 1125 325 1183 δέ
345 1125 456 1200 μεταξύ,
472 1125 620 1184 Χαλδαῖοι·
641 1123 712 1202 ἦρχε
732 1125 763 1183 δέ
779 1132 876 1199 σφεων
888 1125 970 1185 Ὀτά-

173 1235 249 1286 σπης
269 1211 285 1272 ὁ
305 1212 482 1291 Ἀρταχαίιυ.

214 1299 345 1376 Βάκτριοι
367 1300 397 1358 δὲ
418 1300 481 1375 περὶ
502 1302 553 1375 μέν
574 1305 642 1379 τῇσι
662 1305 806 1378 κεφαλῇσι
826 1299 1017 1380 άγχότατα64

172 1391 228 1447 τῶν
245 1389 377 1464 Μηδικῶν
399 1388 507 1467 ἔχοντες
525 1388 731 1464 ἐστρατεύοντο,
750 1386 818 1456 τόξα
836 1387 866 1446 δὲ
885 1387 970 1446 καλά-

172 1501 239 1552 μινα
261 1477 394 1556 ἐπιχώρια
415 1478 460 1535 καὶ
482 1476 583 1555 αἰχμάς
601 1478 735 1555 βραχέας.
778 1475 866 1542 Σάκαι
885 1475 914 1534 δὲ
932 1474 971 1556 [οἱ

174 1563 289 1646 Σκύθαι]
306 1566 368 1642 περὶ
388 1567 440 1641 μὲν
458 1569 526 1643 τῇσι
547 1569 690 1644 κεφαλῇσι
711 1565 868 1641 κυρβασίας
882 1569 909 1626 ἐς
921 1562 970 1632 ὀξύ

173 1649 326 1732 άπιγμένας
351 1653 435 1730 ὀρθάς
461 1652 538 1732 εἶχον
563 1654 726 1734 πεπηγυίας,
754 1652 916 1729 ἀναξυρίδας
939 1652 969 1711 δὲ

174 1740 359 1800 ἐνδεδύκεσαν·
380 1740 448 1810 τόξα
462 1741 491 1799 δέ
504 1741 645 1821 ἐπιχώρια,
661 1742 706 1799 καὶ
727 1741 885 1821 ἐγχειρίδια,
900 1741 971 1817 πρός

173 1827 203 1886 δέ
226 1829 271 1886 καὶ
294 1828 387 1898 ἀξίνας
409 1829 527 1909 σαγάρις
554 1829 641 1908 εἶχον·
671 1829 794 1906 (τούτους
818 1829 847 1887 δὲ
874 1827 968 1891 ἐόντας

174 1913 283 1979 Σκύθας
294 1916 459 1996 Ἀμυργίους
480 1915 571 1980 Σάκας
592 1917 715 1976 ἐκάλεον·
738 1920 764 1976 οἶ
782 1916 837 1997 γάρ
858 1917 970 1993 Πέρσαι

172 2003 277 2066 πάντας
299 2005 363 2067 τούς
388 2004 497 2068 Σκύθας
523 2005 657 2064 καλέουσι
684 2004 799 2082 Σάκας)
826 2005 969 2080 Βακτρίων

173 2089 202 2148 δὲ
223 2093 268 2149 καὶ
289 2093 399 2155 Σακέων
416 2091 487 2168 ἦρχε
501 2091 675 2167 Ὑστάσπης,
697 2090 712 2150 ό
733 2092 852 2166 Δαρείου
870 2117 900 2149 τε
923 2091 968 2149 καὶ

171 2178 314 2254 Ἀτόσσης
332 2184 383 2254 τῆς
404 2178 508 2254 Κύρου.
549 2177 631 2237 Ἰνδοὶ
653 2179 682 2238 δέ
705 2178 804 2253 εἵματα
824 2180 875 2253 μὲν
898 2178 967 2236 ἐνδε-
980 2181 1017 2239 65

172 2265 283 2328 δυκάτες
304 2265 359 2325 άπδ
381 2265 471 2334 ξύλων
488 2267 669 2341 πεποιημένα,
690 2264 758 2334 τόξα
780 2264 808 2322 δὲ
831 2264 970 2342 καλάμινα

173 2352 250 2431 εἶχον
271 2353 317 2411 καὶ
338 2351 450 2415 όῖστούς
469 2353 645 2429 καλαμίνους·
667 2354 713 2411 ἐπὶ
733 2351 770 2422 δὲ,
790 2352 906 2428 σιδηρον
926 2352 969 2428 ἦν.

172 2441 341 2519 ἐσταλμένοι
353 2444 404 2518 μὲν
417 2441 451 2516 δή
465 2468 475 2493 ι
484 2467 538 2500 σαν
551 2440 621 2501 οὕτω
634 2441 725 2501 Ἰνδοί·
742 2441 970 2521 προσετετάχατο

171 2528 201 2587 δέ
227 2529 479 2607 συστρατευόμενοι
506 2529 689 2610 Φαρναζάθρῃ
715 2534 754 2610 τῷ
779 2529 969 2607 Ἀρταβάτεω.

180 2607 260 2692 Ᾰριοι
276 2619 306 2677 δὲ
318 2617 426 2688 τόξοισι
439 2621 490 2694 μὲν
503 2621 702 2696 ἐσκευασμένοι
715 2618 790 2694 ἦσαν
804 2619 967 2696 Μηδικοῖσι,
979 2622 1016 2679 66

171 2704 206 2762 τά
225 2704 254 2764 δέ
274 2705 350 2764 ἄλλα
371 2705 441 2765 κατά
454 2732 506 2783 περ
521 2706 662 2782 Βάκτριοι·
682 2705 782 2783 Ἀρίων
797 2707 826 2765 δέ
839 2705 908 2785 ἦρχε
923 2710 969 2772 Σι-

171 2791 280 2869 σάμνης
293 2794 309 2853 ὄ
321 2793 476 2870 Ὑδάρνεος.
519 2794 629 2872 Πάρθοι
644 2795 672 2853 δὲ
686 2797 732 2854 καὶ
745 2795 906 2872 Χοράσμιοι
923 2795 969 2854 καὶ
1005 2799 1007 2806 '

173 2881 277 2959 Σογδοί
297 2907 328 2940 τε
350 2884 395 2940 καὶ
416 2881 563 2959 Γανδάριοι
587 2883 632 2943 καὶ
657 2883 782 2952 Δαδίκαι,
804 2883 855 2956 τὴν
883 2880 969 2956 αύτῆν

172 2967 275 3042 σκευὴν
288 2970 396 3048 ἔχοντες
408 2970 460 3045 τὴν
473 2971 518 3028 καὶ
532 2970 672 3047 Βάκτριοι,
687 2969 893 3043 ἐστρατεύοντο·
907 2968 969 3026 τού-

172 3081 225 3114 των
249 3055 278 3113 δέ
300 3055 388 3134 ἦρχον
412 3057 477 3116 οἵδε·
507 3057 627 3133 Πάρθων
649 3059 701 3133 μὲν
725 3059 770 3115 καὶ
795 3057 965 3131 Χορασμίων

173 3142 345 3220 Ἀρτάβαζος
358 3143 374 3203 ό
387 3143 543 3222 Φαρνάκεω·
565 3145 678 3226 Σογδῶν
695 3145 724 3204 δέ
736 3143 853 3217 Ἀζάνης
873 3142 888 3200 ὁ
906 3143 968 3219 Ἀρ-

171 3233 258 3291 ταίου·
280 3232 437 3307 Γανδαρίων
453 3234 482 3292 δέ
496 3235 541 3290 καὶ
555 3233 696 3292 Δαδικέων
710 3230 860 3305 Ἀρτύφιος
874 3229 889 3289 ό
903 3229 965 3308 Ἀρ-

172 3319 306 3396 ταβάνου.
348 3318 476 3379 Κάσπιοι
489 3320 518 3379 δὲ
531 3319 666 3398 σισύρνας
680 3343 711 3376 τε
728 3316 905 3387 ἐνδεδυκότες,
920 3319 965 3378 καὶ
974 3321 1012 3380 67
