2268 3536
409 459 761 531 ἨΡΟΔΟΤΟΥ

313 601 573 700 ἰΣΤοΡιοΝ
609 606 847 671 Παιιινιιι.

534 750 634 776 -ε-

442 877 446 886 ”
467 863 703 918 ΤΕΡΨΙΧΟΡΗ.

196 952 239 1006 01
253 946 283 1006 δὲ
296 951 326 1006 ἐν
338 950 374 1024 τῇ
387 944 508 1024 Εὐρώπη
518 950 573 1006 τῶν
584 947 719 1024 Περσέων
730 945 964 1022 καταλειφθέντες
978 945 993 1002 l

155 1033 212 1094 θπό
229 1036 349 1111 Δαρείου
365 1038 421 1092 τῶν
439 1033 456 1094 ό
473 1035 647 1114 Μεγάβαζος
665 1035 744 1114 ἦρχε,
765 1034 892 1112 πρώτους
908 1035 961 1110 μέν
983 1059 985 1064 “

158 1121 322 1198 Περινθίους
329 1121 562 1198 Ἑλλησποντίαν
575 1121 607 1182 οὗ
617 1125 810 1200 βουλομένους
822 1121 961 1198 ὑπηκόους

153 1209 230 1268 ,εἶναι
240 1210 360 1284 Δαρείου
372 1212 605 1288 κατεστρέψαντο,
613 1214 814 1289 περιεφθέντας
824 1210 961 1289 πρότερον

157 1297 205 1356 καὶ
215 1295 271 1356 όπό
283 1296 412 1357 Παιόνων
421 1299 552 1376 τρηχέως.
580 1302 607 1358 οἱ
619 1299 675 1379 γιῗρ
687 1300 723 1358 ὧν
734 1299 790 1358 α’τό
802 1298 961 1376 Στρυμόνος

158 1387 287 1456 Παίονες,
301 1384 462 1463 χρήσαντος
478 1390 527 1444 τοῦ
545 1388 611 1446 θεοῦ
627 1387 830 1464 στρατεύεσθαι
844 1387 889 1445 ἐπὶ
906 1392 960 1445 He*-

154 1475 286 1552 ρινθίους,
304 1475 349 1532 καὶ
367 1472 402 1550 ἢν
417 1477 469 1550 μέν
487 1474 723 1551 α’ντικατιζόμενοι
740 1476 963 1558 ἐπικαλέσωνταί

155 1569 250 1638 σφεας
263 1565 291 1622 οἱ
308 1564 452 1640 Περίνθιοι
469 1563 609 1640 ὀνομαστὶ
622 1564 768 1640 βώσαντες
781 1565 845 1628 τοός
859 1565 888 1623 δὲ
902 1569 958 1624 ἐπι-

154 1652 280 1730 χειρέειν,
304 1649 338 1727 ἢν
365 1651 394 1710 δὲ
420 1652 461 1728 μὴ
489 1653 685 1729 ἐπιβώσωνται
714 1652 755 1729 μη
785 1654 956 1733 ἐπιχειρέειν,

155 1741 265 1800 ἐποίευν
286 1743 313 1798 οἱ
333 1741 452 1804 Παίονες
472 1745 569 1800 ταῦτα·
591 1741 836 1819 ἀντικατιζομένων
852 1737 884 1800 δὲ
904 1746 959 1805 τῶν

156 1828 311 1905 Περινθίων
332 1833 361 1887 ἐν
384 1833 422 1906 τῷ
444 1829 616 1908 πρόαστηίῳ,
638 1831 757 1890 ἐνθαῦτα
780 1831 991 1908 μουνομαχίη

154 1918 294 1992 τριφασίη
308 1921 338 1974 ἐκ
351 1917 524 1993 προκλήσιός
538 1925 594 1993 σφι
608 1920 726 1998 ἐγένετο·
744 1919 789 1976 καὶ
802 1918 857 1999 γαὶρ
872 1916 958 1995 ἄνδρα

156 2002 242 2081 α’νδρὶ,
266 2005 312 2063 καὶ
334 2005 420 2064 ἴτπον
442 2006 517 2085 ἵππῳ
539 2008 709 2082 συνέβαλον,
733 2008 779 2065 καὶ
801 2005 869 2066 κύνα
890 2007 958 2066 κυνί·

155 2092 290 2153 νικώντων
307 2093 337 2152 δέ
358 2093 393 2152 τιὶ
415 2094 463 2152 δύο
484 2099 538 2154 τῶν
559 2097 721 2171 Περινθίων,
740 2095 774 2158 ώς
797 2093 958 2165 ἐπαιώνιζον

156 2182 347 2260 κεχαρηκότες,
357 2183 552 2257 συνεβάλοντο
564 2186 590 2241 οἱ
604 2185 724 2244 Παίονες
737 2183 770 2241 τό
784 2181 958 2260 χρηστήριον

156 2269 223 2329 αὐτὰ
235 2274 319 2329 τοῦτο
333 2270 410 2328 εἶναι·
428 2271 474 2327 καὶ
489 2271 569 2329 εἶπάν
581 2297 629 2328 κου
643 2269 719 2345 παραὶ
733 2270 821 2344 σφίσι
835 2267 956 2328 αθτοῖσι·

156 2362 231 2418 “νῦν
255 2357 288 2419 ἂν
309 2360 353 2434 εἴη
376 2358 392 2417 ὁ
417 2357 547 2436 χρησμός
572 2357 781 2433 ἐπιτελεόμενος
806 2356 883 2434 ἡμῖν·
910 2363 958 2419 νῦν

155 2444 290 2524 ἡμέτερον
302 2446 335 2506 τό
350 2445 456 2527 ἔργον·”
477 2444 548 2504 οὕτω
563 2449 638 2505 τοῖσι
656 2446 832 2523 Περινθίοισι
844 2449 956 2507 παιωνί-

155 2559 228 2593 σασι
246 2536 433 2614 ἐπιχειρέουσι
453 2537 480 2592 οῖ
501 2534 629 2604 Παίονες,
646 2535 692 2593 καὶ
710 2539 810 2614 πολλῷ
827 2561 858 2595 τε
880 2537 957 2613 ἐκρό-

153 2648 245 2700 τησαν
265 2624 311 2682 καὶ
329 2624 426 2683 ἐλιπόν
443 2630 539 2700 σφεων
553 2622 675 2704 ὀλίγους.
717 2623 760 2682 T&
777 2627 829 2700 μὲν
850 2623 884 2700 δὴ
902 2623 991 2684 όπὸ2

155 2711 284 2774 Παιόνων
307 2712 443 2790 πρότερον
465 2712 601 2792 γενόμενα
625 2709 675 2770 ὧδε
700 2713 818 2792 ἐγένετο·
843 2712 907 2772 τότε
928 2712 957 2771 δὲ

153 2798 260 2877 ἀνδρῶν
278 2801 390 2882 ἀγαθῶν
409 2801 473 2877 περὶ
491 2804 541 2874 τῆς
560 2800 716 2875 ἐλευθερίης
732 2801 886 2886 γινομένων
901 2803 957 2859 τῶν

154 2891 316 2965 Περινθίων,
331 2891 358 2948 οἱ
377 2889 489 2965 Πέρσαι
507 2914 537 2947 τε
557 2889 602 2946 καὶ
619 2887 635 2946 ό
655 2888 828 2968 Μεγάβαζος
842 2888 956 2964 ἐπεκρό-

152 3001 245 3052 τησαν
260 2977 373 3052 πλήθεϊ.
409 2975 444 3038 ώς
461 2977 490 3035 δὲ
509 2976 642 3054 ἐχειρώθη
658 2975 676 3050 ἦ
693 2977 837 3052 Πέρινθος,
852 2968 956 3051 ἤλαυνε

151 3063 202 3124 τόν
218 3066 341 3143 στρατόν
360 3064 376 3124 ό
397 3065 571 3144 Μεγάβαζος
588 3063 632 3121 διαὶ
648 3067 698 3138 τῆς
715 3063 844 3139 Θρηίκης,
858 3065 957 3120 πᾶσαν

152 3152 239 3213 πόλιν
247 3156 358 3214 καὶπιῖν
367 3155 445 3216 ἔθνος
454 3157 508 3211 τῶν
516 3152 602 3230 ταύτῃ
611 3151 760 3226 οἰκημένων
768 3143 956 3223 ἡμερούμενος

147 3241 283 3334 βασιλέϊ·
303 3247 392 3303 ταῦτα
407 3240 462 3322 γάρ
478 3243 505 3298 οἱ
524 3240 672 3298 ἐντέταλτο
689 3242 719 3294 ἐκ
737 3235 864 3309 Δαρείου,
882 3240 957 3326 Θρη-Ι

151 3331 215 3408 Δεην
229 3330 487 3409 καταστρέφεσθαι.
