2268 3536
162 199 298 261 120—126]
468 201 672 248 TEPQIXOPH.
928 201 958 253 57

160 273 266 336 Ἰλιάδα
279 279 417 355 νέμονται,
431 269 489 340 εἷλε
503 281 532 339 δὲ
546 282 681 362 Γέργιθας
693 281 759 344 τούς
772 281 957 358 ύπολειφθέν-

159 390 208 427 τας
228 369 282 426 τῶν
303 365 423 446 ἀρχαίων
437 372 572 444 Τευκρῶν·
595 367 678 432 αύτός
697 395 728 427 τε
740 369 842 445 ’Υμέης
861 371 958 445 αἱρέων

158 458 246 512 ταῦτα
258 454 294 513 τά
308 456 386 515 ἐθνεο
400 456 491 536 νούσῳ
505 460 622 535 τελευτᾷ
636 463 665 516 ἐν
677 461 713 535 τῇ
726 457 842 535 Τρῳάδι.
884 456 937 516 Ού-
950 460 1007 516 123

158 566 206 602 τος
218 543 270 617 μὲν
283 542 316 618 δή
331 542 401 602 οὕτω
415 544 589 620 ἐτελεύτησε·
611 543 801 620 Ἀρταφέρνης
815 545 843 602 δὲ
858 545 873 603 ὁ
889 548 958 622 Σαρ

158 627 222 687 δίων
242 628 367 710 ὕπαρχος
385 631 431 690 καὶ
444 631 563 708 Ὀτάνης
577 632 592 692 ό
606 633 699 709 τρίτος
720 633 885 712 στρατηγός,
901 632 959 691 ἐτό-

158 717 272 794 χθησαν
290 720 336 777 ἐπὶ
352 719 404 794 τήν
423 719 528 796 Ἰωνίην
550 721 596 778 καὶ
612 720 664 796 την
684 721 827 798 προσεχέα
841 721 959 778 Αἰολίδα

158 805 370 881 στρατεύεσθαι.
411 806 514 884 Ἰωνίης
534 809 586 884 μέν
608 835 656 868 νυν
680 808 864 884 Κλαζομενὰς
886 809 958 885 αἱρέ-

158 917 229 963 ουσι,
252 896 376 956 Αἰολέων
397 895 426 954 δὲ
448 896 558 972 Κύμην.

197 981 420 1060 Ἀλισκομενέων
433 983 462 1042 δέ
475 989 529 1044 τῶν
543 985 657 1054 πολίων,
667 985 702 1060 ἦν
714 985 769 1066 γάρ
784 983 827 1060 δὴ,
838 984 872 1048 ώς
886 985 933 1044 διέ-
950 988 1005 1044 124

158 1069 225 1140 δεξε,
238 1070 443 1152 Ἀρισταγόρης
464 1073 479 1131 ὁ
493 1072 638 1148 Μιλήσιος
653 1073 745 1150 ψυχὴν
760 1073 809 1132 ούκ
823 1071 914 1148 άκρος,
929 1072 958 1135 ὃς

158 1158 276 1234 ταράξας
297 1160 348 1234 την
368 1159 474 1235 Ἰωνίην
499 1162 545 1218 καὶ
565 1161 785 1240 ἐγκερασάμενος
807 1160 959 1240 πρήγματα

157 1245 269 1327 μεγάλα
283 1246 409 1322 δρησμὸν
423 1247 565 1322 ἐβούλευε,
580 1247 665 1322 ὁρέων
683 1252 780 1306 ταῦτα·
802 1248 872 1324 πρός
885 1248 915 1305 δέ
932 1251 958 1306 οἱ

158 1335 203 1392 καὶ
216 1333 337 1394 ἀδύνατα
352 1334 441 1410 ἐφάνη
454 1335 582 1411 βασιλέα
597 1338 716 1409 Δαρεῖον
734 1335 957 1410 ὑπερβαλέσθαι·

156 1421 226 1498 πρός
247 1427 335 1481 ταῦτα
360 1421 393 1498 δή
417 1421 453 1480 ὧν
472 1422 653 1503 συγκαλέσας
673 1422 737 1485 τούς
758 1420 956 1484 συστασιώτας

157 1510 332 1586 ἐβουλεύετο,
347 1510 437 1590 λέγων
456 1509 492 1572 ώς
509 1508 622 1586 ἄμεινόν
636 1517 691 1586 σφι
705 1511 746 1586 εἴη
761 1509 957 1590 κρησφύγετόν

156 1624 183 1658 τι
200 1598 327 1680 ὑπάρχον
347 1598 423 1670 εἶναι,
441 1595 476 1674 ἢν
496 1597 550 1675 ἄρα
571 1599 738 1668 ἐξωθέωνται
754 1605 784 1658 ἐκ
798 1603 847 1673 τῆς
862 1597 955 1674 Μιλή-

156 1713 215 1746 του·
238 1688 292 1746 εἷτε
307 1687 341 1764 δὴ
356 1686 392 1747 ὧν
407 1693 434 1751 ἐς
449 1687 546 1764 Σαρδώ
560 1693 589 1746 ἐκ
603 1691 653 1746 τοῦ
669 1687 757 1748 τόπου
777 1687 876 1747 τούτου
894 1685 957 1767 ἄγοι

157 1781 184 1838 ἐς
197 1774 334 1852 ἀποικίην,
344 1776 398 1836 εἴτε
412 1776 590 1854 ἐςΜύρκινον
603 1776 655 1851 τήν
666 1776 796 1836 Ἠδωνῶν
809 1776 860 1850 τὴν
874 1775 956 1833 Ἱστι-

156 1866 216 1926 αῖος
238 1866 339 1942 ἐτείχεε
363 1864 439 1942 παρὰ
462 1865 581 1941 Δαρείου
604 1863 706 1941 δωρεήν
728 1863 845 1940 λαβών;
870 1867 957 1922 ταῦτα

158 1953 292 2029 ἐπειρώτα
313 1953 328 2012 ό
346 1952 559 2034 Ἀρισταγόρης·
581 1952 729 2011 Ἑκαταίου
739 1993 741 1996 -
749 1953 802 2029 μέν
823 1979 871 2011 νυν
887 1955 936 2009 τοῦ
949 1952 1004 2008 125

155 2039 361 2120 Ἡγησάνδρου,
376 2039 476 2116 ἀνδρός
489 2044 651 2120 λογοποιοῦ,
665 2041 783 2100 τουτέων
796 2041 847 2116 μὲν
867 2044 894 2100 ἐς
913 2036 956 2095 ού-

156 2127 268 2204 δετέρην
282 2129 414 2188 στέλλειν
425 2130 507 2204 ἐφερε
517 2128 535 2203 ἡ
548 2127 653 2208 γνώμη,
664 2134 692 2186 ἐν
700 2128 779 2204 Λέρῳ
791 2127 820 2185 δὲ
832 2131 868 2203 τῇ
881 2125 957 2203 ν’ήσιρ

155 2219 248 2295 τεῖχος
262 2215 517 2293 οἰκοδομησάμενον
530 2215 652 2292 ἡσυχίην
663 2213 748 2294 ἄγειν,
763 2213 797 2288 ἢν
809 2213 913 2289 ἐκπέση
928 2216 957 2270 ἐκ

156 2307 206 2378 τῆς
220 2303 359 2380 Μιλήτου·
382 2305 476 2362 ἔπειτα
491 2303 519 2361 δὲ
533 2307 563 2360 ἐκ
576 2300 677 2376 ταύτης
691 2300 865 2378 όρμεώμενον
879 2325 955 2358 κατε-

157 2391 312 2452 λεύσεσθαι
325 2397 353 2455 ἐς
365 2391 417 2467 τὴν
431 2392 571 2466 Μίλητον.
598 2393 687 2448 ταῦτα
700 2391 751 2465 μέν
765 2387 798 2464 δη
812 2388 957 2452 Ἑκαταῖος

157 2479 356 2555 συνεβούλευε.
399 2478 479 2557 Αύτῷ
503 2479 532 2537 δέ
555 2476 745 2559 Ἀρισταγόρῃ
769 2476 787 2553 ἦ
814 2477 1003 2552 πλείστη126

156 2567 253 2648 γνώμη
275 2566 309 2644 ἦν
332 2573 358 2632 ἐς
378 2567 430 2643 τήν
451 2565 593 2644 Μύρκινον
610 2565 737 2647 ἀπάγειν.
778 2566 830 2642 τήν
850 2567 902 2643 μὲν
923 2565 956 2640 δὴ

157 2657 288 2732 Μίλητον
305 2658 445 2733 ἐπιτρέπει
459 2655 621 2736 Πυθαγόρη,
636 2653 715 2732 άνδρὶ
730 2659 785 2714 τῶν
802 2653 896 2714 όστῶν
913 2653 955 2712 δο-
974 2694 977 2700 -

158 2745 237 2822 κίμιρ
260 2743 343 2807 αὐτός
360 2744 389 2802 δέ
409 2743 585 2821 παραλαβών
603 2742 695 2802 πάντα
715 2742 764 2802 τόν
776 2741 954 2819 βουλόμενον

158 2833 239 2891 ἔπλεε
261 2838 288 2894 ἐς
308 2832 360 2907 τὴν
378 2832 508 2908 Θρηίκην,
528 2831 573 2889 καὶ
592 2832 659 2909 ἔσχε
679 2829 731 2906 την
749 2829 842 2909 χώρην
861 2828 902 2888 ἐπ’
921 2828 956 2904 ἣν

158 2921 275 2995 ἐστάλη.
318 2924 348 2978 ἐκ
367 2920 396 2978 δέ
414 2919 516 2994 ταύτης
534 2918 706 2996 όρμεώμενος
726 2917 885 2976 οἶπόλλυται
901 2915 956 2975 ύπὸ

157 3008 283 3085 Θρηίκων
305 3007 387 3070 αύτός
407 3033 438 3067 τε
462 3006 478 3066 ὁ
499 3005 704 3086 Ἀρισταγόρης
728 3006 774 3063 καὶ
797 3004 812 3062 ὁ
837 3001 957 3078 στρατός

158 3095 251 3164 αὐτοῦ,
273 3094 359 3156 πόλιν
382 3094 606 3172 περικατήμενος,
631 3094 677 3152 καὶ
700 3090 881 3167 βουλομένων
902 3090 958 3148 τῶν

158 3183 284 3261 Θρηίκων
303 3182 486 3243 ὑποσπόνδων
506 3183 612 3252 ἐξιέναι
