2262 3534
155 157 201 202 τοι
460 154 650 202 ,ἩΡοΔουου
891 147 952 214 [IX.

108 236 145 296 12
195 237 231 292 Οἱ
247 236 303 310 ,μὲν
325 231 358 308 δή
380 236 408 294 ἐς
428 230 478 291 τόν
497 231 614 307 Ἰσθμόν
635 230 793 310 ἠπείγοντο.
835 230 957 312 Ἀργεῖοι

155 323 192 391 δὲ,
207 323 268 380 ἐπεί
282 347 312 379 τε
331 319 453 399 τάχιστα
472 319 606 380 ἐπύθοντο
624 319 687 380 τοὺς
706 318 777 394 μετὰ
791 320 958 379 Παυσανίεω

155 409 356 485 ἐξεληλυθότας
380 414 409 466 ἐκ
435 409 571 484 Σπάρτης,
599 407 743 483 πέμπουσι
767 406 880 483 κήρυκα,
904 413 958 468 τῶν

154 497 350 575 ἡμεροδρόμων
367 497 525 573 ἀνευρόντες
541 495 590 556 τόν
609 494 733 572 ἄριστον,
754 499 781 557 ἐς
799 495 851 571 τήν
868 495 958 556 Ἀττι·

151 586 213 662 κήν,
225 586 360 664 πρότερον
374 584 453 644 αὑτοὶ
463 585 612 663 Μαρδονίῳ
626 582 826 660 ὑποδεξάμενοι
839 585 959 663 σχήσειν

155 675 203 734 τόν
221 674 405 750 ,Σπαρτιήτην
423 673 463 750 μή
486 673 592 741 ἐξιέναι·
614 671 645 734 ὂς
666 671 776 732 ἐπείτε
797 671 910 730 ἀπίκετο
932 677 959 735 ἐς

154 763 204 825 τὰς
223 763 349 838 Ἀθήνας,
373 764 451 842 ἐλεγε
473 760 547 820 τώδε·
579 771 600 840 ξ’
609 759 759 837 Μαρδόνιε,
779 760 906 838 ἔπεμψάν
922 787 959 837 με

154 849 277 930 Ἀργεῖοι
296 848 444 926 φράσοντά
464 875 508 908 τοι
526 847 570 908 ὅτι
589 853 618 908 ἐκ
637 847 843 923 Λακεδαίμονος
864 847 958 924 ἐξελή-

155 937 255 1013 λυθεή
272 937 375 1013 νεότης,
390 937 436 995 καὶ
455 936 490 1000 ώς
509 936 541 996 οὑ
559 938 670 996 δυνατοὶ
689 936 776 1012 αὑτήν
794 937 885 1015 ἴσχειν
902 937 957 995 εἶσὶ

154 1025 277 1107 Ἀργεῖοι
297 1026 337 1101 μή
363 1024 412 1084 οὑκ
439 1025 546 1094 ἐξιέναι.
589 1025 659 1101 πρός
678 1029 767 1084 ταῦτα
786 1023 907 1104 τύγχανε
928 1023 958 1083 εὖ

109 1115 146 1172 13
155 1112 385 1191 βουλευόμενος.”
422 1112 460 1171 ,Ὀ
475 1115 526 1188 μὲν
546 1113 588 1189 δή,
605 1114 682 1175 εἶπας
697 1117 793 1182 ταῦτα,
808 1112 957 1172 ἀπαλλάσ-

156 1229 223 1262 σετο
236 1201 337 1262 ὀπίσω·
359 1201 518 1278 Μαρδόνιος
532 1202 561 1260 δὲ
576 1201 701 1278 οὐδαμῶς
716 1202 755 1260 ἔτι
768 1201 910 1278 πρόθυμος
923 1201 958 1276 ἦν

154 1291 246 1367 μένειν
267 1297 296 1350 ἐν
313 1317 348 1368 τη
368 1289 490 1368 Ἀττικῇ,
508 1289 543 1352 ώς
561 1289 665 1365 ἤκουσε
684 1293 780 1348 ταῦτα.
822 1291 887 1366 πρὶν
906 1292 958 1367 μέν

155 1404 203 1438 νυν
223 1377 241 1454 ἢ
262 1379 409 1446 πυθέσθαι,
431 1376 589 1456 ἆνεκώχευε,
613 1377 701 1436 θέλων
722 1377 821 1436 εἰδέναι
840 1377 873 1436 τό
893 1375 957 1456 παρ’

155 1463 307 1542 Ἀθηναίων
328 1465 422 1526 ὁκοῖόν
441 1492 469 1524 τι
490 1465 652 1541 ποιήσουσι·
675 1465 720 1522 καὶ
742 1463 805 1524 ούτε
825 1465 957 1541 ἐπήμαινε

156 1553 219 1622 ούτε
236 1556 344 1614 ἐσίνετο
360 1558 414 1634 γῆν
431 1553 483 1628 τήν
499 1553 636 1628 Ἀττικήν,
657 1553 774 1623 ἐλπίζων
791 1553 836 1612 διὰ
856 1555 958 1619 παντός

154 1646 204 1699 τοῦ
216 1641 319 1720 χρόνου
335 1640 525 1720 ὁμολογήσειν
542 1642 643 1716 σφέας·
667 1641 726 1698 ἐπεὶ
744 1640 774 1699 δὲ
793 1642 841 1699 οὑκ
859 1643 956 1715 ἔπειθε,

154 1728 309 1804 πυθόμενος
334 1728 384 1787 τόν
411 1727 502 1786 πάντα
531 1727 627 1808 λόγον,
658 1728 724 1804 πρὶν
750 1725 770 1804 ἦ
795 1729 859 1790 τοὺς
885 1724 956 1806 μετὺ

156 1815 321 1874 Παυσανίεω
349 1820 377 1878 ἐς
402 1814 452 1874 τόν
475 1815 591 1891 Ἰσθμόν
619 1818 764 1892 ἐμβαλεῖν,
789 1815 958 1895 ὑπεξεχώρεε

156 1903 302 1981 ἐμπρήσας
318 1905 353 1962 Ιτε
372 1901 423 1966 τὰς
443 1901 571 1977 Ἀθήνας,
591 1904 638 1962 καὶ
659 1904 684 1962 εἱ
704 1904 753 1962 κού
772 1930 800 1964 τι
820 1903 904 1980 ὀρθὸν
923 1904 957 1980 ἦν

154 1995 209 2051 τῶν
229 1991 341 2071 τειχέων
362 1989 380 2067 ἢ
403 1995 458 2051 τῶν
481 1991 636 2068 οἰκημάτων
657 1991 676 2067 ἢ
697 1995 751 2050 τῶν
771 1994 843 2068 ἱρῶν,
859 1991 958 2051 ,πάντα

156 2080 326 2157 καταβαλών
359 2081 405 2138 καὶ
439 2079 601 2160 συγχώσας.
644 2081 777 2154 ἐξήλαυνε
811 2079 853 2138 δέ.
874 2081 958 2140 τῶνδε

157 2169 264 2238 εἵνεκεν,
279 2167 322 2228 ότι
337 2167 400 2228 ούτε
420 2169 563 2244 ἱππασίμη
577 2167 596 2242 ἡ
612 2167 689 2246 χώρη
708 2165 742 2242 ἦν
762 2165 781 2242 ή
798 2165 920 2242 Ἀττική,
934 2169 960 2226 εἴ

155 2282 186 2316 τε
199 2261 296 2336 νικῷτο
311 2255 470 2333 συμβαλών
483 2254 641 2324 αἷπύλλαξις
655 2254 704 2313 οὑκ
721 2253 756 2330 ἦν
775 2253 818 2314 ὅτι
834 2255 874 2330 μὴ
889 2248 958 2314 κατὺ

156 2344 274 2413 στεινόν,
289 2343 361 2404 ὥστε
374 2344 420 2403 καὶ
439 2343 552 2424 ὀλίγους
573 2345 665 2418 σφέας
683 2341 843 2419 ἀνθρώπους
856 2343 956 2421 ἴσχειν.

157 2433 322 2506 ἐβουλεύετο
343 2431 388 2502 ών,
409 2430 628 2509 ἐπαναχωρήσας
647 2435 674 2492 ἐς
690 2429 739 2492 τὰς
759 2429 867 2505 Θήβας,
888 2456 958 2506 συμ-

155 2520 258 2594 βαλεῖν
266 2520 341 2596 Ιπρός
354 2519 423 2579 πόλι
436 2546 467 2579 τε
482 2519 565 2597 φιλίῃ
580 2520 625 2578 καὶ
638 2518 715 2597 χώρῃ
731 2518 883 2596 ἱππασίμη.

111 2607 148 2665 14
197 2607 355 2683 Μαρδόνιος
368 2610 420 2682 μὲν
433 2607 466 2682 δή
485 2606 663 2684 ὑπεξεχώρεε·
684 2604 737 2681 ἤδη
757 2605 787 2663 δὲ
806 2609 834 2664 ἐν
852 2610 888 2684 τῇ
905 2605 960 2684 ὁδῷ

157 2692 229 2754 ἐόντι
239 2693 310 2772 αύτῷ
323 2693 394 2769 ἦλθε
408 2693 535 2774 ἀγγελίη,
544 2693 704 2771 πρόδρομον
718 2691 810 2768 ἄλλην
824 2692 959 2768 στρατιήν

155 2780 232 2858 ἥκειν
246 2786 273 2844 ἐς
286 2783 414 2861 Μέγαρα,
429 2781 652 2858 Λακεδαιμονίων
664 2781 781 2859 χιλίους·
804 2779 959 2856 πυθόμενος

157 2870 289 2929 δὲταῦτα
306 2869 480 2945 ἐβουλεύετο,
496 2868 585 2928 θέλων
607 2870 632 2927 εἱ
650 2893 702 2930 κως
718 2867 833 2930 τούτους
849 2871 960 2944 πρῶτον

158 2959 227 3016 ἕλοι·
253 2957 447 3034 ,ὑποστρέψας
474 2957 503 3014 δὲ
529 2955 581 3032 τήν
613 2955 748 3032 στρατιήν
773 2953 825 3035 ἦγε
853 2957 898 3014 ἐπὶ
924 2956 960 3015 τό

157 3046 287 3125 Μέγαρα·
328 3044 347 3120 ἡ
374 3045 404 3103 δὲ
432 3046 515 3106 ἵππος
548 3043 730 3120 προελθοῦσα
762 3043 960 3103 κατιππάσατο

157 3133 250 3210 χώρην
263 3134 314 3210 τήν
331 3133 485 3213 Μεγαρίδα.
529 3131 568 3208 (ἐς
583 3130 685 3206 ταύτην
705 3129 739 3204 δή
754 3131 898 3190 ἐκαστοίτω
910 3136 958 3207 τῆς

157 3219 292 3298 Εὐρώπης
312 3224 345 3282 τό
365 3220 434 3297 πρός
453 3219 535 3295 ήλίου
556 3217 683 3284 δύνοντος
703 3219 722 3294 ἦ
743 3219 871 3295 Περσική
892 3219 961 3295 αὕτη

112 3309 146 3364 15
158 3311 276 3383 στρατιὴ
290 3308 427 3384 ἀπίκετο.)
470 3305 552 3363 Μετὰ
573 3305 601 3363 δὲ
617 3311 713 3374 ταῦτα,
729 3307 877 3386 Μαρδονίῳ
889 3305 959 3382 ἦλθε
