2268 3536
158 169 172 210 8
445 151 647 212 ’ἰιυοιουου
913 161 957 226 [ν.

157 243 306 312 ἀναπαύεο,
320 243 391 320 μηδὲ
404 242 520 320 λιπάρεε
533 248 569 322 τῇ
583 242 676 301 πόσει·
692 242 746 321 ἐγῶ
755 241 785 302 δέ
794 241 960 320 προσμένων

157 329 242 390 αύτοῦ
250 331 323 410 τῇδε,
332 331 423 390 πάντα
431 331 467 391 τά
476 331 605 406 ἐπιτήδεα
614 329 725 407 παρέξω
734 334 810 390 τοῖσι
819 327 960 400 ξείνοισι.”

104 499 108 506 ¹
156 418 228 496 πρός
239 423 327 478 ταῦτα
341 419 467 482 συνιεὶςό
477 419 614 494 Ἀμύντης
625 418 668 478 ὅτι
678 419 796 495 νεώτερα
808 419 960 500 πρήγματα

156 506 272 584 πρήξειν
285 507 386 584 μέλλει
399 507 591 584 Ἀλέξανδρος,
606 507 693 588 λέγει·
715 506 764 565 “ὦ
782 511 842 576 παῖ,
857 507 960 587 σχεδόν

156 595 211 676 γάρ
226 623 277 657 σευ
291 596 491 674 ἀνακαιομένου
504 598 620 673 συνίημι
637 595 702 659 τούς
719 596 829 676 λόγους,
845 595 889 655 ὅτι
903 595 960 656 ἐθέ-

156 688 215 748 λεις
237 688 285 763 ἐμὲ
303 686 447 764 ἐκπέμψας
460 685 564 745 ποιέειν
576 711 605 744 τι
623 685 764 761 νεῶτερον·
786 683 840 765 ἐγῶ
856 683 893 744 ὧν
909 711 960 744 σευ

156 775 260 851 χρηίζω
274 774 361 851 μηδὲν
375 778 535 852 νεοχμῶσαι
549 772 607 834 κατ’
618 771 719 851 ἄνδρας
732 773 853 842 τούτους,
866 774 910 833 ἵνα
919 773 959 850 μή

157 861 295 942 ἐξεργάσῃ
316 861 413 938 ἡμέας·
435 860 512 920 άλλά
517 862 629 972 α’νέχευ
648 860 734 939 όρέων
750 861 786 921 τά
801 862 959 936 ποιεύμενα·

109 951 147 1008 20
157 949 232 1024 ἀμφὶ
253 949 282 1008 δέ
303 947 454 1029 άπόδιρ
418 977 452 1030 τῃ
476 955 529 1026 ἐμῇ
549 951 688 1027 πείσομαί
713 949 782 1010 τ.”οι
824 949 873 1012 Ὡς
893 942 959 1008 δέ
943 976 958 1009 ο

156 1036 294 1114 Ἀμύντης
310 1038 420 1145 χρῄσρς
436 1039 540 1098 τούτων
558 1038 680 1117 οἰχώκεε,
698 1038 810 1146 λέγει
794 1067 810 1098 ο
829 1037 960 1108 Ἀλέξαν·

156 1125 220 1202 δρος
247 1126 317 1202 πρός
344 1126 409 1189 τούς
436 1126 561 1204 Πέρσας
604 1139 622 1163 “
630 1154 766 1210 γυναικῶν
790 1125 961 1196 τουτέων,ῶ

157 1214 249 1284 ξεῖνοι,
279 1215 415 1291 πολλη’
402 1241 464 1275 εστι
491 1215 557 1293 ύμῖν
579 1216 712 1293 εὐπετείη,
736 1217 782 1276 καὶ
804 1220 828 1275 εἰ
847 1215 959 1322 πάσῃσι

156 1302 301 1378 βούλεσθε
315 1305 471 1386 μίσγεσθαι
485 1306 531 1365 καὶ
546 1305 703 1386 όκόσῃσι’
683 1332 720 1365 ων
733 1304 846 1365 αύτέων·
860 1303 959 1363 τούτου

155 1393 206 1466 μὲν
227 1393 290 1470 πέρι
311 1393 389 1452 αὐτοὶ
411 1393 631 1471 ιίποσημανέετε·
655 1398 704 1454 νῦν
722 1394 760 1460 δε,
782 1387 940 1469 σχεδόν
903 1414 958 1468 γαρ

156 1478 209 1554 ἤδη
230 1485 280 1556 τῆς
307 1482 399 1556 κοίτης
420 1481 476 1558 ὥρη
497 1481 686 1558 προσέρχεται
706 1480 771 1555 ύμῖν
796 1477 841 1535 καὶ
868 1479 959 1538 καλῶς

158 1568 272 1646 ἔχοντας
288 1567 373 1643 ύμέας
392 1567 461 1644 ὁρέω
476 1567 571 1644 μέθης,
586 1569 718 1646 γυναῖκας
731 1565 841 1632 ταύτας,
857 1567 880 1622 εἰ
893 1562 958 1641 ύμῖν

158 1656 245 1730 φίλον
259 1655 328 1724 ἐστὶ,
338 1653 426 1730 όψετε
439 1654 611 1714 λούσασθαι·
626 1652 805 1729 λουσαμένας
816 1652 853 1720 δέ,
866 1650 958 1710 ὀπίσω

156 1743 374 1820 προσδέκεσθε.”
416 1745 495 1805 εἴπας
512 1747 607 1810 ταῦτα,
627 1742 788 1801 συνέπαινοι
808 1740 863 1821 γάρ
884 1739 959 1815 ἦσαν

158 1835 185 1891 οἱ
198 1832 318 1908 Πέρσαι,
339 1836 470 1946 γυναῖκας
495 1835 547 1908 μὲν
568 1829 737 1899 ἐξελθούσας
762 1829 908 1906 ἀπέπεμπε
933 1835 959 1893 ἐς

155 1945 208 1995 την
225 1921 395 2001 γυναικηιην·
418 1919 500 1982 αύτός
517 1920 546 1978 δὲ
565 1919 580 1978 ὁ
598 1919 784 1996 Ἀλέξανδρος
800 1918 878 1981 ἴσους
891 1923 958 1998 τῇσι

155 2007 295 2088 γυναιξὶ
276 2009 362 2085 αριθμ
340 2008 396 2084 όμν
409 2007 509 2084 ἄνδρας
522 2010 704 2090 λειογενείους
714 2013 750 2088 τῇ
759 2013 814 2067 τῶν
823 2011 959 2089 γυναικῶν

157 2097 255 2173 ἐσθῆτι
274 2096 423 2170 σκευάσας,
440 2099 486 2156 καὶ
502 2097 653 2176 ἐγχειρίδια
671 2096 742 2166 δούς,
763 2100 874 2174 παρῆγε
893 2097 957 2154 ἔσω.

157 2186 289 2267 παράγων
303 2185 332 2245 δέ
349 2186 464 2250 τούτους
483 2187 563 2266 ἔλεγε
576 2189 652 2244 τοῖσι
667 2185 801 2264 Πέρσῃσι
814 2184 889 2243 τάδε·
911 2182 959 2243 “ῶ

156 2277 277 2352 Πέρσαι,
291 2276 385 2336 οἴκατε
404 2275 556 2354 πανδαισίῃ
574 2275 658 2353 τελέῃ
678 2274 848 2348 εἷστιῆσθαι·
876 2271 959 2332 τότε

157 2364 211 2444 γάρ
235 2364 311 2422 ἄλλα
335 2363 391 2424 ὅσα
414 2365 534 2443 εἴχομεν,
557 2363 604 2422 καὶ
626 2363 704 2440 πρός,
728 2363 764 2422 τά
793 2361 839 2422 οἶά
866 2387 897 2422 τε
926 2360 960 2436 ἦν

159 2451 316 2528 ἐξευρόντας
339 2454 479 2530 παρέχειν,
501 2452 592 2511 πάντα
612 2450 678 2527 ύμῖν
697 2451 828 2527 πάρεστι·
858 2451 903 2509 καὶ
926 2450 959 2525 δή

157 2541 203 2598 καὶ
216 2539 279 2599 τόδε
291 2539 324 2598 τά
339 2539 449 2598 πάντων
462 2541 599 2619 μέγιστον
611 2538 661 2600 τάς
674 2565 705 2597 τε
719 2543 825 2596 ἑωυτῶν
838 2538 957 2614 μητέρας

160 2629 206 2687 καὶ
220 2628 271 2690 τάς
289 2627 430 2703 ἀδελφεάς
447 2625 703 2702 ἐπιδαψιλευόμεθα
716 2625 790 2702 ύμῖν·
813 2625 848 2688 ῶς
861 2649 956 2683 παντε·

157 2717 227 2780 λέως
242 2715 350 2793 μάθητε
368 2715 532 2792 τιμειύμενοι
549 2713 620 2789 πρός
638 2713 730 2789 ἡμέων
748 2717 803 2774 τῶν
821 2715 873 2790 πέρ
896 2718 956 2775 ἐστι

158 2804 239 2875 άξιοι,
251 2804 321 2880 πρός
332 2804 360 2862 δὲ
372 2805 417 2862 καὶ
428 2803 549 2878 βασιλέϊ
558 2805 596 2880 τῷ
606 2802 748 2880 πέμψαντι
760 2803 956 2884 ἀπαγγείλητε,

157 2893 192 2955 ῶς
202 2892 388 2969 οἷνηρἝλλην
398 2890 568 2950 Μακεδόνων
577 2890 703 2969 ὕπαρχος
714 2890 744 2950 εὖ
752 2891 837 2968 ύμέας
848 2893 958 2961 ἐδέξατο

159 2982 204 3040 καὶ
224 2981 347 3059 τραπέζῃ
366 2981 412 3038 καὶ
433 2978 536 3059 κοίτῃ·”
565 2983 653 3038 ταῦτα
675 2981 753 3043 εἴπας
768 2979 959 3058 Ἀλέξανδρος,

156 3072 264 3148 παρίζει
286 3069 386 3148 Πέρσῃ
407 3069 485 3146 όνδρὶ
506 3068 593 3145 ἄνδρα
613 3069 772 3138 Μακεδόνα,
790 3068 826 3131 ῶς
843 3074 960 3150 γυναῖκα

156 3163 194 3238 τῷ
214 3158 299 3240 λόγῳ·
330 3161 356 3216 οἱ
378 3159 414 3227 δὲ,
437 3159 499 3216 ε’πεί
516 3159 548 3216 τέ
568 3165 664 3232 σφεων
689 3161 716 3216 οἱ
738 3157 844 3232 Πέρσει
864 3155 960 3233 ψαύειν

109 3251 145 3308 21
158 3251 313 3324 ἐπειρῶντο,
328 3246 504 3326 διεργάζοντο
515 3245 623 3308 αύτούς.
654 3245 712 3304 Καὶ
726 3243 803 3304 οὗτοι
812 3247 864 3321 μὲν
873 3241 961 3322 τούτῳ

156 3340 195 3415 τῷ
216 3334 294 3414 μόρῳ
314 3333 515 3410 διεφθάρησαν,
538 3334 584 3392 καὶ
605 3331 685 3392 αὐτοὶ
710 3333 756 3391 καὶ
780 3331 798 3407 ἦ
823 3331 960 3409 θεραπηίη
1119 3354 1124 3398 ι

1123 3475 1124 3503 λ
