<?xml version="1.0" encoding="UTF-8"?>
<!DOCTYPE html PUBLIC "-//W3C//DTD XHTML 1.0 Transitional//EN"
    "http://www.w3.org/TR/xhtml1/DTD/xhtml1-transitional.dtd">
<html xmlns="http://www.w3.org/1999/xhtml" xml:lang="en" lang="en">
 <head>
  <title>
</title>
<meta http-equiv="Content-Type" content="text/html;charset=utf-8" />
  <meta name='ocr-system' content='tesseract 3.04.00' />
  <meta name='ocr-capabilities' content='ocr_page ocr_carea ocr_par ocr_line ocrx_word'/>
</head>
<body>
  <div class='ocr_page' id='page_1' title='image "./herodotusrecens02blakgoog_0333.png"; bbox 0 0 2262 3534; ppageno 0'>
   <div class='ocr_carea' id='block_1_1' title="bbox 150 146 999 3384">
    <p class='ocr_par' dir='ltr' id='par_1_1' title="bbox 150 146 955 1888">
     <span class='ocr_line' id='line_1_1' title="bbox 153 146 953 212; baseline -0.004 -13"><span class='ocrx_word' id='word_1_1' title='bbox 153 147 261 212; x_wconf 76' lang='grc' dir='ltr'>ιιι-ιε]</span> <span class='ocrx_word' id='word_1_2' title='bbox 457 146 645 196; x_wconf 78' lang='grc' dir='ltr'>κικκιοιιιι.</span> <span class='ocrx_word' id='word_1_3' title='bbox 905 147 953 196; x_wconf 77' lang='lat'>315</span> 
     </span>
     <span class='ocr_line' id='line_1_2' title="bbox 153 223 955 309; baseline 0 -23"><span class='ocrx_word' id='word_1_4' title='bbox 153 229 205 304; x_wconf 82' lang='grc' dir='ltr'>μὲν</span> <span class='ocrx_word' id='word_1_5' title='bbox 218 224 307 286; x_wconf 82' lang='grc' dir='ltr'>οὐδενὶ</span> <span class='ocrx_word' id='word_1_6' title='bbox 324 226 378 305; x_wconf 82' lang='grc' dir='ltr'>ἐχω</span> <span class='ocrx_word' id='word_1_7' title='bbox 394 225 643 306; x_wconf 79' lang='grc' dir='ltr'>οἰποσημῄνασθαι,</span> <span class='ocrx_word' id='word_1_8' title='bbox 659 225 789 305; x_wconf 80' lang='grc' dir='ltr'>(ἅπαντες</span> <span class='ocrx_word' id='word_1_9' title='bbox 804 235 861 309; x_wconf 86' lang='grc' dir='ltr'>γοῖρ</span> <span class='ocrx_word' id='word_1_10' title='bbox 871 223 955 287; x_wconf 66' lang='grc' dir='ltr'>ὀὗτοι</span> 
     </span>
     <span class='ocr_line' id='line_1_3' title="bbox 153 312 955 394; baseline 0.004 -22"><span class='ocrx_word' id='word_1_11' title='bbox 153 313 218 377; x_wconf 80' lang='grc' dir='ltr'>τούς</span> <span class='ocrx_word' id='word_1_12' title='bbox 231 312 290 388; x_wconf 77' lang='grc' dir='ltr'>κατ’</span> <span class='ocrx_word' id='word_1_13' title='bbox 304 312 420 378; x_wconf 78' lang='grc' dir='ltr'>ἑωυτούς</span> <span class='ocrx_word' id='word_1_14' title='bbox 431 315 545 394; x_wconf 84' lang='grc' dir='ltr'>ἐνίκων,)</span> <span class='ocrx_word' id='word_1_15' title='bbox 556 313 599 374; x_wconf 86' lang='grc' dir='ltr'>ὅτι</span> <span class='ocrx_word' id='word_1_16' title='bbox 609 315 638 374; x_wconf 85' lang='grc' dir='ltr'>δὲ</span> <span class='ocrx_word' id='word_1_17' title='bbox 649 315 719 374; x_wconf 86' lang='grc' dir='ltr'>κατιί</span> <span class='ocrx_word' id='word_1_18' title='bbox 729 314 762 374; x_wconf 82' lang='grc' dir='ltr'>τδ</span> <span class='ocrx_word' id='word_1_19' title='bbox 774 314 955 394; x_wconf 81' lang='grc' dir='ltr'>ἰσχυρότερον</span> 
     </span>
     <span class='ocr_line' id='line_1_4' title="bbox 153 401 955 481; baseline 0.006 -21"><span class='ocrx_word' id='word_1_20' title='bbox 153 403 404 481; x_wconf 84' lang='grc' dir='ltr'>προσενείχθησαν,</span> <span class='ocrx_word' id='word_1_21' title='bbox 420 403 465 460; x_wconf 89' lang='grc' dir='ltr'>καὶ</span> <span class='ocrx_word' id='word_1_22' title='bbox 474 401 579 462; x_wconf 90' lang='grc' dir='ltr'>τούτων</span> <span class='ocrx_word' id='word_1_23' title='bbox 590 402 755 480; x_wconf 85' lang='grc' dir='ltr'>ἐκράτησαν.</span> <span class='ocrx_word' id='word_1_24' title='bbox 784 403 830 460; x_wconf 88' lang='grc' dir='ltr'>καὶ</span> <span class='ocrx_word' id='word_1_25' title='bbox 840 401 955 479; x_wconf 77' lang='grc' dir='ltr'>ἄριστος</span> 
     </span>
     <span class='ocr_line' id='line_1_5' title="bbox 153 488 953 572; baseline 0.003 -24"><span class='ocrx_word' id='word_1_26' title='bbox 153 491 262 570; x_wconf 89' lang='grc' dir='ltr'>ἐγένετο</span> <span class='ocrx_word' id='word_1_27' title='bbox 278 495 375 568; x_wconf 74' lang='grc' dir='ltr'>μακρῷ</span> <span class='ocrx_word' id='word_1_28' title='bbox 393 489 597 567; x_wconf 85' lang='grc' dir='ltr'>Ἀριστόδημος</span> <span class='ocrx_word' id='word_1_29' title='bbox 616 490 686 550; x_wconf 81' lang='grc' dir='ltr'>κατά</span> <span class='ocrx_word' id='word_1_30' title='bbox 699 489 811 572; x_wconf 86' lang='grc' dir='ltr'>γνιύμας</span> <span class='ocrx_word' id='word_1_31' title='bbox 823 488 874 552; x_wconf 77' lang='grc' dir='ltr'>τάς</span> <span class='ocrx_word' id='word_1_32' title='bbox 887 490 953 566; x_wconf 82' lang='grc' dir='ltr'>ἦμε-</span> 
     </span>
     <span class='ocr_line' id='line_1_6' title="bbox 151 577 952 656; baseline 0.002 -20"><span class='ocrx_word' id='word_1_33' title='bbox 151 578 241 655; x_wconf 90' lang='grc' dir='ltr'>τέρας·</span> <span class='ocrx_word' id='word_1_34' title='bbox 269 577 299 640; x_wconf 79' lang='grc' dir='ltr'>ἰίς</span> <span class='ocrx_word' id='word_1_35' title='bbox 320 583 349 637; x_wconf 89' lang='grc' dir='ltr'>ἐκ</span> <span class='ocrx_word' id='word_1_36' title='bbox 370 579 574 656; x_wconf 77' lang='grc' dir='ltr'>Θερμοπυλέων</span> <span class='ocrx_word' id='word_1_37' title='bbox 594 582 696 656; x_wconf 81' lang='grc' dir='ltr'>μοῦνος</span> <span class='ocrx_word' id='word_1_38' title='bbox 711 581 766 637; x_wconf 75' lang='grc' dir='ltr'>τῶν</span> <span class='ocrx_word' id='word_1_39' title='bbox 785 579 952 654; x_wconf 83' lang='grc' dir='ltr'>τριηκοσίων</span> 
     </span>
     <span class='ocr_line' id='line_1_7' title="bbox 152 665 954 746; baseline 0.002 -22"><span class='ocrx_word' id='word_1_40' title='bbox 152 667 260 740; x_wconf 86' lang='grc' dir='ltr'>σωθεὶς,</span> <span class='ocrx_word' id='word_1_41' title='bbox 287 666 344 746; x_wconf 86' lang='grc' dir='ltr'>εἶχε</span> <span class='ocrx_word' id='word_1_42' title='bbox 371 665 475 730; x_wconf 85' lang='grc' dir='ltr'>ὄνειδος</span> <span class='ocrx_word' id='word_1_43' title='bbox 498 666 544 724; x_wconf 85' lang='grc' dir='ltr'>καὶ</span> <span class='ocrx_word' id='word_1_44' title='bbox 565 666 685 743; x_wconf 76' lang='grc' dir='ltr'>ἀτιμίην·</span> <span class='ocrx_word' id='word_1_45' title='bbox 712 665 783 742; x_wconf 86' lang='grc' dir='ltr'>μετοί</span> <span class='ocrx_word' id='word_1_46' title='bbox 805 665 834 724; x_wconf 83' lang='grc' dir='ltr'>δὲ</span> <span class='ocrx_word' id='word_1_47' title='bbox 854 668 954 726; x_wconf 83' lang='grc' dir='ltr'>τοῦτον</span> 
     </span>
     <span class='ocr_line' id='line_1_8' title="bbox 151 751 954 831; baseline 0 -19"><span class='ocrx_word' id='word_1_48' title='bbox 151 752 324 830; x_wconf 80' lang='grc' dir='ltr'>ἠρίστευσαν</span> <span class='ocrx_word' id='word_1_49' title='bbox 334 753 523 817; x_wconf 84' lang='grc' dir='ltr'>Ποσειδώνιός</span> <span class='ocrx_word' id='word_1_50' title='bbox 535 779 566 814; x_wconf 88' lang='grc' dir='ltr'>τε</span> <span class='ocrx_word' id='word_1_51' title='bbox 580 755 625 814; x_wconf 87' lang='grc' dir='ltr'>καὶ</span> <span class='ocrx_word' id='word_1_52' title='bbox 635 753 779 814; x_wconf 82' lang='grc' dir='ltr'>Φιλοκύων</span> <span class='ocrx_word' id='word_1_53' title='bbox 790 753 836 812; x_wconf 86' lang='grc' dir='ltr'>καὶ</span> <span class='ocrx_word' id='word_1_54' title='bbox 847 751 954 831; x_wconf 89' lang='grc' dir='ltr'>Ἀμομ-</span> 
     </span>
     <span class='ocr_line' id='line_1_9' title="bbox 153 839 954 923; baseline 0.005 -23"><span class='ocrx_word' id='word_1_55' title='bbox 153 839 273 919; x_wconf 81' lang='grc' dir='ltr'>φάρετος</span> <span class='ocrx_word' id='word_1_56' title='bbox 287 841 303 902; x_wconf 79' lang='grc' dir='ltr'>ὁ</span> <span class='ocrx_word' id='word_1_57' title='bbox 318 842 502 920; x_wconf 77' lang='grc' dir='ltr'>Σπαρτιήτης·</span> <span class='ocrx_word' id='word_1_58' title='bbox 526 842 624 912; x_wconf 89' lang='grc' dir='ltr'>καίτοι,</span> <span class='ocrx_word' id='word_1_59' title='bbox 637 843 786 923; x_wconf 76' lang='grc' dir='ltr'>γενομένης</span> <span class='ocrx_word' id='word_1_60' title='bbox 801 841 910 920; x_wconf 80' lang='grc' dir='ltr'>λέσχης</span> <span class='ocrx_word' id='word_1_61' title='bbox 923 840 954 904; x_wconf 82' lang='grc' dir='ltr'>ὃς</span> 
     </span>
     <span class='ocr_line' id='line_1_10' title="bbox 151 929 953 1012; baseline 0 -24"><span class='ocrx_word' id='word_1_62' title='bbox 151 930 260 1008; x_wconf 89' lang='grc' dir='ltr'>γένοιτο</span> <span class='ocrx_word' id='word_1_63' title='bbox 283 929 372 990; x_wconf 79' lang='grc' dir='ltr'>αὐτῶν</span> <span class='ocrx_word' id='word_1_64' title='bbox 394 929 516 1007; x_wconf 80' lang='grc' dir='ltr'>ἄριστος,</span> <span class='ocrx_word' id='word_1_65' title='bbox 540 932 664 1012; x_wconf 81' lang='grc' dir='ltr'>ἔγνωσαν</span> <span class='ocrx_word' id='word_1_66' title='bbox 686 933 712 989; x_wconf 86' lang='grc' dir='ltr'>οἱ</span> <span class='ocrx_word' id='word_1_67' title='bbox 734 929 953 1010; x_wconf 89' lang='grc' dir='ltr'>παραγενόμενοι</span> 
     </span>
     <span class='ocr_line' id='line_1_11' title="bbox 153 1017 954 1095; baseline 0.002 -21"><span class='ocrx_word' id='word_1_68' title='bbox 153 1018 356 1094; x_wconf 81' lang='grc' dir='ltr'>Σπαρτιητέων,</span> <span class='ocrx_word' id='word_1_69' title='bbox 366 1017 572 1095; x_wconf 80' lang='grc' dir='ltr'>Ἀριστόδημον</span> <span class='ocrx_word' id='word_1_70' title='bbox 579 1021 632 1095; x_wconf 76' lang='grc' dir='ltr'>μὲν</span> <span class='ocrx_word' id='word_1_71' title='bbox 642 1017 818 1094; x_wconf 85' lang='grc' dir='ltr'>βουλόμενον</span> <span class='ocrx_word' id='word_1_72' title='bbox 829 1022 954 1094; x_wconf 76' lang='grc' dir='ltr'>φανερῶς</span> 
     </span>
     <span class='ocr_line' id='line_1_12' title="bbox 152 1103 952 1183; baseline 0.001 -20"><span class='ocrx_word' id='word_1_73' title='bbox 152 1103 302 1175; x_wconf 70' lang='grc' dir='ltr'>ἀποθανεῖν</span> <span class='ocrx_word' id='word_1_74' title='bbox 322 1113 351 1165; x_wconf 90' lang='grc' dir='ltr'>ἐκ</span> <span class='ocrx_word' id='word_1_75' title='bbox 369 1111 420 1182; x_wconf 85' lang='grc' dir='ltr'>τῆς</span> <span class='ocrx_word' id='word_1_76' title='bbox 433 1107 592 1183; x_wconf 79' lang='grc' dir='ltr'>παρεούσης</span> <span class='ocrx_word' id='word_1_77' title='bbox 606 1110 633 1165; x_wconf 90' lang='grc' dir='ltr'>οἰ</span> <span class='ocrx_word' id='word_1_78' title='bbox 646 1107 742 1180; x_wconf 83' lang='grc' dir='ltr'>αἰτίης,</span> <span class='ocrx_word' id='word_1_79' title='bbox 757 1105 909 1164; x_wconf 80' lang='grc' dir='ltr'>λυσσῶντά</span> <span class='ocrx_word' id='word_1_80' title='bbox 921 1131 952 1164; x_wconf 91' lang='grc' dir='ltr'>τε</span> 
     </span>
     <span class='ocr_line' id='line_1_13' title="bbox 152 1192 951 1275; baseline 0 -25"><span class='ocrx_word' id='word_1_81' title='bbox 152 1193 198 1250; x_wconf 86' lang='grc' dir='ltr'>καί</span> <span class='ocrx_word' id='word_1_82' title='bbox 216 1192 366 1254; x_wconf 80' lang='grc' dir='ltr'>ἐκλιπόντα</span> <span class='ocrx_word' id='word_1_83' title='bbox 383 1194 435 1270; x_wconf 82' lang='grc' dir='ltr'>τήν</span> <span class='ocrx_word' id='word_1_84' title='bbox 451 1194 529 1264; x_wconf 87' lang='grc' dir='ltr'>τάξιν</span> <span class='ocrx_word' id='word_1_85' title='bbox 546 1195 613 1275; x_wconf 82' lang='grc' dir='ltr'>ἔργα</span> <span class='ocrx_word' id='word_1_86' title='bbox 627 1193 818 1262; x_wconf 80' lang='grc' dir='ltr'>ἀποδέξασθαι</span> <span class='ocrx_word' id='word_1_87' title='bbox 830 1192 951 1272; x_wconf 84' lang='grc' dir='ltr'>μεγάλα·</span> 
     </span>
     <span class='ocr_line' id='line_1_14' title="bbox 152 1278 952 1359; baseline 0 -21"><span class='ocrx_word' id='word_1_88' title='bbox 152 1279 341 1340; x_wconf 78' lang='grc' dir='ltr'>Ποσειδάνιον</span> <span class='ocrx_word' id='word_1_89' title='bbox 358 1281 395 1351; x_wconf 86' lang='grc' dir='ltr'>δέ,</span> <span class='ocrx_word' id='word_1_90' title='bbox 410 1281 443 1340; x_wconf 86' lang='grc' dir='ltr'>ού</span> <span class='ocrx_word' id='word_1_91' title='bbox 459 1281 637 1359; x_wconf 86' lang='grc' dir='ltr'>βουλόμενον</span> <span class='ocrx_word' id='word_1_92' title='bbox 656 1279 851 1355; x_wconf 78' lang='grc' dir='ltr'>ἀποθνήσκειν,</span> <span class='ocrx_word' id='word_1_93' title='bbox 866 1278 952 1356; x_wconf 81' lang='grc' dir='ltr'>ἄνδρα</span> 
     </span>
     <span class='ocr_line' id='line_1_15' title="bbox 151 1367 952 1451; baseline 0.002 -25"><span class='ocrx_word' id='word_1_94' title='bbox 151 1369 284 1449; x_wconf 89' lang='grc' dir='ltr'>γενέσθαι</span> <span class='ocrx_word' id='word_1_95' title='bbox 311 1369 426 1451; x_wconf 89' lang='grc' dir='ltr'>α’γαθόν·</span> <span class='ocrx_word' id='word_1_96' title='bbox 460 1370 587 1448; x_wconf 80' lang='grc' dir='ltr'>τοσούτῳ</span> <span class='ocrx_word' id='word_1_97' title='bbox 614 1373 713 1428; x_wconf 89' lang='grc' dir='ltr'>τοῦτον</span> <span class='ocrx_word' id='word_1_98' title='bbox 740 1368 808 1427; x_wconf 85' lang='grc' dir='ltr'>εἶναι</span> <span class='ocrx_word' id='word_1_99' title='bbox 842 1367 952 1445; x_wconf 82' lang='grc' dir='ltr'>ἀμείνω.</span> 
     </span>
     <span class='ocr_line' id='line_1_16' title="bbox 151 1454 954 1538; baseline 0 -22"><span class='ocrx_word' id='word_1_100' title='bbox 151 1456 229 1516; x_wconf 82' lang='grc' dir='ltr'>α’λλιί</span> <span class='ocrx_word' id='word_1_101' title='bbox 242 1463 330 1517; x_wconf 84' lang='grc' dir='ltr'>ταῦτα</span> <span class='ocrx_word' id='word_1_102' title='bbox 343 1461 395 1534; x_wconf 84' lang='grc' dir='ltr'>μὲν</span> <span class='ocrx_word' id='word_1_103' title='bbox 409 1459 454 1516; x_wconf 89' lang='grc' dir='ltr'>καί</span> <span class='ocrx_word' id='word_1_104' title='bbox 468 1457 564 1538; x_wconf 78' lang='grc' dir='ltr'>φθόνῳ</span> <span class='ocrx_word' id='word_1_105' title='bbox 578 1456 612 1517; x_wconf 79' lang='grc' dir='ltr'>ἂν</span> <span class='ocrx_word' id='word_1_106' title='bbox 626 1458 737 1516; x_wconf 84' lang='grc' dir='ltr'>εἴποιεν·</span> <span class='ocrx_word' id='word_1_107' title='bbox 758 1454 835 1516; x_wconf 84' lang='grc' dir='ltr'>οὗτοι</span> <span class='ocrx_word' id='word_1_108' title='bbox 848 1456 878 1515; x_wconf 86' lang='grc' dir='ltr'>δὲ</span> <span class='ocrx_word' id='word_1_109' title='bbox 889 1456 954 1520; x_wconf 80' lang='grc' dir='ltr'>τούς</span> 
     </span>
     <span class='ocr_line' id='line_1_17' title="bbox 152 1543 952 1623; baseline 0.003 -21"><span class='ocrx_word' id='word_1_110' title='bbox 152 1547 287 1615; x_wconf 79' lang='grc' dir='ltr'>κατέλεξα</span> <span class='ocrx_word' id='word_1_111' title='bbox 300 1546 408 1616; x_wconf 85' lang='grc' dir='ltr'>πάντες,</span> <span class='ocrx_word' id='word_1_112' title='bbox 420 1546 496 1622; x_wconf 84' lang='grc' dir='ltr'>πλήν</span> <span class='ocrx_word' id='word_1_113' title='bbox 509 1545 722 1623; x_wconf 82' lang='grc' dir='ltr'>Ἀριστοδήμου,</span> <span class='ocrx_word' id='word_1_114' title='bbox 732 1549 787 1604; x_wconf 82' lang='grc' dir='ltr'>τῶν</span> <span class='ocrx_word' id='word_1_115' title='bbox 800 1543 952 1604; x_wconf 74' lang='grc' dir='ltr'>ἀποθανόν-</span> 
     </span>
     <span class='ocr_line' id='line_1_18' title="bbox 150 1631 953 1714; baseline 0.004 -22"><span class='ocrx_word' id='word_1_116' title='bbox 150 1659 205 1692; x_wconf 90' lang='grc' dir='ltr'>των</span> <span class='ocrx_word' id='word_1_117' title='bbox 218 1639 247 1692; x_wconf 91' lang='grc' dir='ltr'>ἐν</span> <span class='ocrx_word' id='word_1_118' title='bbox 259 1635 347 1714; x_wconf 86' lang='grc' dir='ltr'>ταύτῃ</span> <span class='ocrx_word' id='word_1_119' title='bbox 360 1638 396 1714; x_wconf 75' lang='grc' dir='ltr'>τῇ</span> <span class='ocrx_word' id='word_1_120' title='bbox 408 1634 487 1714; x_wconf 86' lang='grc' dir='ltr'>μάχῃ</span> <span class='ocrx_word' id='word_1_121' title='bbox 500 1635 588 1712; x_wconf 88' lang='grc' dir='ltr'>τίμιοι</span> <span class='ocrx_word' id='word_1_122' title='bbox 598 1634 734 1714; x_wconf 88' lang='grc' dir='ltr'>ἐγένοντο·</span> <span class='ocrx_word' id='word_1_123' title='bbox 748 1631 953 1710; x_wconf 88' lang='grc' dir='ltr'>Ἀριστόδημος</span> 
     </span>
     <span class='ocr_line' id='line_1_19' title="bbox 151 1720 951 1799; baseline -0.003 -19"><span class='ocrx_word' id='word_1_124' title='bbox 151 1720 189 1790; x_wconf 85' lang='grc' dir='ltr'>δέ,</span> <span class='ocrx_word' id='word_1_125' title='bbox 216 1723 391 1799; x_wconf 84' lang='grc' dir='ltr'>βουλόμενος</span> <span class='ocrx_word' id='word_1_126' title='bbox 425 1723 574 1783; x_wconf 77' lang='grc' dir='ltr'>ἀποθανεῖν</span> <span class='ocrx_word' id='word_1_127' title='bbox 601 1721 645 1780; x_wconf 86' lang='grc' dir='ltr'>διαί</span> <span class='ocrx_word' id='word_1_128' title='bbox 672 1721 724 1797; x_wconf 82' lang='grc' dir='ltr'>τήν</span> <span class='ocrx_word' id='word_1_129' title='bbox 749 1721 951 1798; x_wconf 85' lang='grc' dir='ltr'>προειρημένην</span> 
     </span>
     <span class='ocr_line' id='line_1_20' title="bbox 151 1809 451 1888; baseline 0.013 -20"><span class='ocrx_word' id='word_1_130' title='bbox 151 1811 248 1886; x_wconf 83' lang='grc' dir='ltr'>αἰτίην,</span> <span class='ocrx_word' id='word_1_131' title='bbox 264 1809 312 1869; x_wconf 78' lang='grc' dir='ltr'>οὐκ</span> <span class='ocrx_word' id='word_1_132' title='bbox 324 1810 451 1888; x_wconf 86' lang='grc' dir='ltr'>ἐτιμήθη.</span> 
     </span>
    </p>

    <p class='ocr_par' dir='ltr' id='par_1_2' title="bbox 150 1896 999 2942">
     <span class='ocr_line' id='line_1_21' title="bbox 192 1896 999 1977; baseline -0.002 -20"><span class='ocrx_word' id='word_1_133' title='bbox 192 1896 279 1958; x_wconf 79' lang='grc' dir='ltr'>Οὗτοι</span> <span class='ocrx_word' id='word_1_134' title='bbox 295 1901 347 1975; x_wconf 76' lang='grc' dir='ltr'>μέν</span> <span class='ocrx_word' id='word_1_135' title='bbox 365 1903 420 1958; x_wconf 79' lang='grc' dir='ltr'>τῶν</span> <span class='ocrx_word' id='word_1_136' title='bbox 433 1904 461 1958; x_wconf 90' lang='grc' dir='ltr'>ἐν</span> <span class='ocrx_word' id='word_1_137' title='bbox 475 1902 642 1976; x_wconf 78' lang='grc' dir='ltr'>Πλαταιῇσι</span> <span class='ocrx_word' id='word_1_138' title='bbox 659 1897 881 1974; x_wconf 85' lang='grc' dir='ltr'>ὀνομαστότατοι</span> <span class='ocrx_word' id='word_1_139' title='bbox 895 1898 951 1977; x_wconf 88' lang='grc' dir='ltr'>ἐγέ-</span> <span class='ocrx_word' id='word_1_140' title='bbox 962 1898 999 1958; x_wconf 79' lang='grc'>72</span> 
     </span>
     <span class='ocr_line' id='line_1_22' title="bbox 150 1985 950 2065; baseline -0.005 -19"><span class='ocrx_word' id='word_1_141' title='bbox 150 2012 241 2046; x_wconf 89' lang='grc' dir='ltr'>νοντα·</span> <span class='ocrx_word' id='word_1_142' title='bbox 270 1985 471 2063; x_wconf 81' lang='grc' dir='ltr'>Καλλικράτης</span> <span class='ocrx_word' id='word_1_143' title='bbox 491 1988 546 2065; x_wconf 78' lang='grc' dir='ltr'>γάρ</span> <span class='ocrx_word' id='word_1_144' title='bbox 568 1985 617 2054; x_wconf 82' lang='grc' dir='ltr'>ἔξω</span> <span class='ocrx_word' id='word_1_145' title='bbox 640 1989 690 2059; x_wconf 84' lang='grc' dir='ltr'>τῆς</span> <span class='ocrx_word' id='word_1_146' title='bbox 709 1985 802 2062; x_wconf 77' lang='grc' dir='ltr'>μάχης</span> <span class='ocrx_word' id='word_1_147' title='bbox 822 1985 950 2054; x_wconf 80' lang='grc' dir='ltr'>α’πέθανε,</span> 
     </span>
     <span class='ocr_line' id='line_1_23' title="bbox 151 2070 952 2150; baseline -0.002 -18"><span class='ocrx_word' id='word_1_148' title='bbox 151 2075 240 2134; x_wconf 78' lang='grc' dir='ltr'>ἐλθιδν</span> <span class='ocrx_word' id='word_1_149' title='bbox 258 2073 328 2150; x_wconf 80' lang='grc' dir='ltr'>α’νὴρ</span> <span class='ocrx_word' id='word_1_150' title='bbox 346 2073 500 2134; x_wconf 87' lang='grc' dir='ltr'>κάλλιστος</span> <span class='ocrx_word' id='word_1_151' title='bbox 519 2077 546 2134; x_wconf 90' lang='grc' dir='ltr'>ἐς</span> <span class='ocrx_word' id='word_1_152' title='bbox 563 2073 596 2130; x_wconf 84' lang='grc' dir='ltr'>τὸ</span> <span class='ocrx_word' id='word_1_153' title='bbox 615 2071 804 2147; x_wconf 89' lang='grc' dir='ltr'>στρατόπεδον</span> <span class='ocrx_word' id='word_1_154' title='bbox 821 2076 876 2130; x_wconf 81' lang='grc' dir='ltr'>τῶν</span> <span class='ocrx_word' id='word_1_155' title='bbox 887 2070 952 2130; x_wconf 87' lang='grc' dir='ltr'>τότε</span> 
     </span>
     <span class='ocr_line' id='line_1_24' title="bbox 150 2157 952 2237; baseline -0.001 -17"><span class='ocrx_word' id='word_1_156' title='bbox 150 2160 303 2237; x_wconf 82' lang='grc' dir='ltr'>Ἑλλήνων,</span> <span class='ocrx_word' id='word_1_157' title='bbox 319 2161 351 2219; x_wconf 84' lang='grc' dir='ltr'>ού</span> <span class='ocrx_word' id='word_1_158' title='bbox 369 2161 456 2236; x_wconf 89' lang='grc' dir='ltr'>μόνον</span> <span class='ocrx_word' id='word_1_159' title='bbox 476 2159 565 2219; x_wconf 82' lang='grc' dir='ltr'>αύτῶν</span> <span class='ocrx_word' id='word_1_160' title='bbox 578 2159 802 2235; x_wconf 78' lang='grc' dir='ltr'>Λακεδαιμονίων</span> <span class='ocrx_word' id='word_1_161' title='bbox 816 2157 892 2216; x_wconf 84' lang='grc' dir='ltr'>άλλιί</span> <span class='ocrx_word' id='word_1_162' title='bbox 905 2160 952 2219; x_wconf 88' lang='grc' dir='ltr'>καί</span> 
     </span>
     <span class='ocr_line' id='line_1_25' title="bbox 150 2246 955 2327; baseline -0.007 -18"><span class='ocrx_word' id='word_1_163' title='bbox 150 2254 205 2309; x_wconf 81' lang='grc' dir='ltr'>τῶν</span> <span class='ocrx_word' id='word_1_164' title='bbox 218 2249 314 2309; x_wconf 76' lang='grc' dir='ltr'>ἄλλων</span> <span class='ocrx_word' id='word_1_165' title='bbox 332 2248 485 2324; x_wconf 84' lang='grc' dir='ltr'>Ἑλλήνων·</span> <span class='ocrx_word' id='word_1_166' title='bbox 506 2247 545 2316; x_wconf 81' lang='grc' dir='ltr'>ὃς,</span> <span class='ocrx_word' id='word_1_167' title='bbox 563 2247 656 2322; x_wconf 80' lang='grc' dir='ltr'>ἐπειδή</span> <span class='ocrx_word' id='word_1_168' title='bbox 671 2246 858 2327; x_wconf 79' lang='grc' dir='ltr'>ἐσφαγιάζετο</span> <span class='ocrx_word' id='word_1_169' title='bbox 873 2251 955 2304; x_wconf 89' lang='grc' dir='ltr'>Παυ-</span> 
     </span>
     <span class='ocr_line' id='line_1_26' title="bbox 150 2332 958 2415; baseline -0.002 -19"><span class='ocrx_word' id='word_1_170' title='bbox 150 2338 257 2413; x_wconf 89' lang='grc' dir='ltr'>σανίης,</span> <span class='ocrx_word' id='word_1_171' title='bbox 269 2336 420 2413; x_wconf 86' lang='grc' dir='ltr'>κατήμενος</span> <span class='ocrx_word' id='word_1_172' title='bbox 433 2341 462 2396; x_wconf 86' lang='grc' dir='ltr'>ἐν</span> <span class='ocrx_word' id='word_1_173' title='bbox 474 2339 510 2415; x_wconf 75' lang='grc' dir='ltr'>τῇ</span> <span class='ocrx_word' id='word_1_174' title='bbox 523 2336 586 2404; x_wconf 81' lang='grc' dir='ltr'>τάξι</span> <span class='ocrx_word' id='word_1_175' title='bbox 599 2335 792 2411; x_wconf 81' lang='grc' dir='ltr'>ἐτρωματίσθη</span> <span class='ocrx_word' id='word_1_176' title='bbox 804 2332 958 2409; x_wconf 77' lang='grc' dir='ltr'>τοξεύματι</span> 
     </span>
     <span class='ocr_line' id='line_1_27' title="bbox 150 2421 997 2503; baseline -0.005 -19"><span class='ocrx_word' id='word_1_177' title='bbox 150 2425 185 2484; x_wconf 74' lang='grc' dir='ltr'>τά</span> <span class='ocrx_word' id='word_1_178' title='bbox 203 2424 322 2502; x_wconf 88' lang='grc' dir='ltr'>πλευρά·</span> <span class='ocrx_word' id='word_1_179' title='bbox 350 2425 396 2482; x_wconf 87' lang='grc' dir='ltr'>καί</span> <span class='ocrx_word' id='word_1_180' title='bbox 414 2425 448 2499; x_wconf 79' lang='grc' dir='ltr'>δὴ</span> <span class='ocrx_word' id='word_1_181' title='bbox 463 2427 489 2482; x_wconf 89' lang='grc' dir='ltr'>οἰ</span> <span class='ocrx_word' id='word_1_182' title='bbox 507 2425 558 2500; x_wconf 81' lang='grc' dir='ltr'>μὲν</span> <span class='ocrx_word' id='word_1_183' title='bbox 576 2423 723 2501; x_wconf 85' lang='grc' dir='ltr'>ἐμάχοντο,</span> <span class='ocrx_word' id='word_1_184' title='bbox 738 2421 754 2482; x_wconf 78' lang='grc' dir='ltr'>ὁ</span> <span class='ocrx_word' id='word_1_185' title='bbox 774 2421 796 2480; x_wconf 89' lang='grc' dir='ltr'>δ’</span> <span class='ocrx_word' id='word_1_186' title='bbox 808 2421 951 2503; x_wconf 44' lang='grc' dir='ltr'>,ἐξενηνεγ-</span> <span class='ocrx_word' id='word_1_187' title='bbox 967 2433 997 2451; x_wconf 42' lang='grc' dir='ltr'>’Ἰ</span> 
     </span>
     <span class='ocr_line' id='line_1_28' title="bbox 150 2510 949 2592; baseline -0.004 -20"><span class='ocrx_word' id='word_1_188' title='bbox 150 2514 232 2589; x_wconf 89' lang='grc' dir='ltr'>μένος</span> <span class='ocrx_word' id='word_1_189' title='bbox 250 2512 434 2573; x_wconf 79' lang='grc' dir='ltr'>ἐδυσθανάτεέ</span> <span class='ocrx_word' id='word_1_190' title='bbox 453 2538 484 2570; x_wconf 94' lang='grc' dir='ltr'>τε</span> <span class='ocrx_word' id='word_1_191' title='bbox 503 2512 548 2571; x_wconf 86' lang='grc' dir='ltr'>καί</span> <span class='ocrx_word' id='word_1_192' title='bbox 570 2513 649 2592; x_wconf 79' lang='grc' dir='ltr'>ἔλεγε</span> <span class='ocrx_word' id='word_1_193' title='bbox 668 2511 738 2588; x_wconf 83' lang='grc' dir='ltr'>πρδς</span> <span class='ocrx_word' id='word_1_194' title='bbox 754 2510 949 2588; x_wconf 80' lang='grc' dir='ltr'>Ἀρίμνηστον,</span> 
     </span>
     <span class='ocr_line' id='line_1_29' title="bbox 150 2599 951 2679; baseline 0 -19"><span class='ocrx_word' id='word_1_195' title='bbox 150 2600 236 2679; x_wconf 80' lang='grc' dir='ltr'>ἄνδρα</span> <span class='ocrx_word' id='word_1_196' title='bbox 250 2602 405 2671; x_wconf 83' lang='grc' dir='ltr'>Πλαταιέα,</span> <span class='ocrx_word' id='word_1_197' title='bbox 420 2600 451 2660; x_wconf 87' lang='grc' dir='ltr'>ού</span> <span class='ocrx_word' id='word_1_198' title='bbox 465 2601 561 2677; x_wconf 89' lang='grc' dir='ltr'>μέλειν</span> <span class='ocrx_word' id='word_1_199' title='bbox 575 2603 601 2659; x_wconf 88' lang='grc' dir='ltr'>οἰ</span> <span class='ocrx_word' id='word_1_200' title='bbox 614 2599 658 2659; x_wconf 82' lang='grc' dir='ltr'>ὅτι</span> <span class='ocrx_word' id='word_1_201' title='bbox 674 2600 729 2676; x_wconf 77' lang='grc' dir='ltr'>πρὸ</span> <span class='ocrx_word' id='word_1_202' title='bbox 746 2603 796 2674; x_wconf 82' lang='grc' dir='ltr'>τῆς</span> <span class='ocrx_word' id='word_1_203' title='bbox 813 2599 951 2660; x_wconf 84' lang='grc' dir='ltr'>Ἑλλάδος</span> 
     </span>
     <span class='ocr_line' id='line_1_30' title="bbox 151 2685 951 2766; baseline -0.003 -20"><span class='ocrx_word' id='word_1_204' title='bbox 151 2689 331 2766; x_wconf 79' lang='grc' dir='ltr'>ἀποθνήσκει,</span> <span class='ocrx_word' id='word_1_205' title='bbox 345 2688 410 2749; x_wconf 75' lang='grc' dir='ltr'>ἄλλ’</span> <span class='ocrx_word' id='word_1_206' title='bbox 425 2689 468 2749; x_wconf 83' lang='grc' dir='ltr'>ὅτι</span> <span class='ocrx_word' id='word_1_207' title='bbox 482 2688 530 2748; x_wconf 81' lang='grc' dir='ltr'>ούκ</span> <span class='ocrx_word' id='word_1_208' title='bbox 551 2686 692 2766; x_wconf 86' lang='grc' dir='ltr'>ἐχρήσατο</span> <span class='ocrx_word' id='word_1_209' title='bbox 709 2692 744 2766; x_wconf 78' lang='grc' dir='ltr'>τῇ</span> <span class='ocrx_word' id='word_1_210' title='bbox 761 2689 831 2766; x_wconf 84' lang='grc' dir='ltr'>χερὶ,</span> <span class='ocrx_word' id='word_1_211' title='bbox 847 2687 892 2745; x_wconf 87' lang='grc' dir='ltr'>καὶ</span> <span class='ocrx_word' id='word_1_212' title='bbox 908 2685 951 2745; x_wconf 81' lang='grc' dir='ltr'>ὅτι</span> 
     </span>
     <span class='ocr_line' id='line_1_31' title="bbox 151 2773 952 2858; baseline -0.002 -23"><span class='ocrx_word' id='word_1_213' title='bbox 151 2777 229 2837; x_wconf 74' lang='grc' dir='ltr'>οὐδέν</span> <span class='ocrx_word' id='word_1_214' title='bbox 243 2779 307 2838; x_wconf 89' lang='grc' dir='ltr'>ε’στί</span> <span class='ocrx_word' id='word_1_215' title='bbox 317 2782 344 2838; x_wconf 92' lang='grc' dir='ltr'>οἰ</span> <span class='ocrx_word' id='word_1_216' title='bbox 357 2778 576 2858; x_wconf 77' lang='grc' dir='ltr'>ἀποδεδεγμένον</span> <span class='ocrx_word' id='word_1_217' title='bbox 586 2777 667 2856; x_wconf 79' lang='grc' dir='ltr'>ἔργον</span> <span class='ocrx_word' id='word_1_218' title='bbox 676 2779 776 2836; x_wconf 81' lang='grc' dir='ltr'>ἑωυτοῦ</span> <span class='ocrx_word' id='word_1_219' title='bbox 790 2773 875 2844; x_wconf 76' lang='grc' dir='ltr'>ἄξιον,</span> <span class='ocrx_word' id='word_1_220' title='bbox 885 2799 952 2850; x_wconf 87' lang='grc' dir='ltr'>προ·</span> 
     </span>
     <span class='ocr_line' id='line_1_32' title="bbox 150 2865 534 2942; baseline 0 -18"><span class='ocrx_word' id='word_1_221' title='bbox 150 2865 320 2942; x_wconf 88' lang='grc' dir='ltr'>θυμευμένου</span> <span class='ocrx_word' id='word_1_222' title='bbox 334 2866 534 2937; x_wconf 72' lang='grc' dir='ltr'>ἀποδέξασθαι.</span> 
     </span>
    </p>

    <p class='ocr_par' dir='ltr' id='par_1_3' title="bbox 150 2950 999 3384">
     <span class='ocr_line' id='line_1_33' title="bbox 190 2950 999 3035; baseline -0.004 -23"><span class='ocrx_word' id='word_1_223' title='bbox 190 2951 342 3030; x_wconf 84' lang='grc' dir='ltr'>Ἀθηναίων</span> <span class='ocrx_word' id='word_1_224' title='bbox 351 2954 380 3013; x_wconf 85' lang='grc' dir='ltr'>δέ</span> <span class='ocrx_word' id='word_1_225' title='bbox 387 2956 499 3035; x_wconf 85' lang='grc' dir='ltr'>λέγεται</span> <span class='ocrx_word' id='word_1_226' title='bbox 507 2954 688 3032; x_wconf 76' lang='grc' dir='ltr'>εὐδοκιμῆσαι</span> <span class='ocrx_word' id='word_1_227' title='bbox 697 2953 832 3029; x_wconf 80' lang='grc' dir='ltr'>Σωφάνης</span> <span class='ocrx_word' id='word_1_228' title='bbox 840 2951 856 3011; x_wconf 81' lang='grc' dir='ltr'>ὁ</span> <span class='ocrx_word' id='word_1_229' title='bbox 864 2950 950 3010; x_wconf 84' lang='grc' dir='ltr'>Εύτυ-</span> <span class='ocrx_word' id='word_1_230' title='bbox 960 2950 999 3012; x_wconf 80' lang='grc'>73</span> 
     </span>
     <span class='ocr_line' id='line_1_34' title="bbox 150 3041 952 3121; baseline -0.001 -22"><span class='ocrx_word' id='word_1_231' title='bbox 150 3041 241 3121; x_wconf 90' lang='grc' dir='ltr'>χίδεω,</span> <span class='ocrx_word' id='word_1_232' title='bbox 260 3046 290 3100; x_wconf 87' lang='grc' dir='ltr'>έκ</span> <span class='ocrx_word' id='word_1_233' title='bbox 310 3041 399 3119; x_wconf 87' lang='grc' dir='ltr'>δήμου</span> <span class='ocrx_word' id='word_1_234' title='bbox 419 3044 599 3118; x_wconf 82' lang='grc' dir='ltr'>Δεκελεῆθεν,</span> <span class='ocrx_word' id='word_1_235' title='bbox 614 3042 756 3102; x_wconf 90' lang='grc' dir='ltr'>Δεκελέων</span> <span class='ocrx_word' id='word_1_236' title='bbox 770 3041 800 3099; x_wconf 80' lang='grc' dir='ltr'>δὲ</span> <span class='ocrx_word' id='word_1_237' title='bbox 813 3043 868 3098; x_wconf 83' lang='grc' dir='ltr'>τῶν</span> <span class='ocrx_word' id='word_1_238' title='bbox 883 3041 952 3098; x_wconf 78' lang='grc' dir='ltr'>ποτὲ</span> 
     </span>
     <span class='ocr_line' id='line_1_35' title="bbox 151 3127 991 3210; baseline 0.002 -22"><span class='ocrx_word' id='word_1_239' title='bbox 151 3130 347 3210; x_wconf 81' lang='grc' dir='ltr'>ἐργασαμένων</span> <span class='ocrx_word' id='word_1_240' title='bbox 367 3130 447 3210; x_wconf 82' lang='grc' dir='ltr'>ἔργον</span> <span class='ocrx_word' id='word_1_241' title='bbox 462 3129 604 3208; x_wconf 80' lang='grc' dir='ltr'>χρήσιμον</span> <span class='ocrx_word' id='word_1_242' title='bbox 624 3135 650 3192; x_wconf 90' lang='grc' dir='ltr'>ἐς</span> <span class='ocrx_word' id='word_1_243' title='bbox 668 3129 717 3188; x_wconf 78' lang='grc' dir='ltr'>τόν</span> <span class='ocrx_word' id='word_1_244' title='bbox 733 3127 824 3187; x_wconf 88' lang='grc' dir='ltr'>πάντα</span> <span class='ocrx_word' id='word_1_245' title='bbox 842 3129 965 3206; x_wconf 71' lang='grc' dir='ltr'>χρόνον,·’</span> <span class='ocrx_word' id='word_1_246' title='bbox 980 3137 991 3190; x_wconf 83' lang='grc'>’.</span> 
     </span>
     <span class='ocr_line' id='line_1_36' title="bbox 151 3215 951 3298; baseline -0.005 -20"><span class='ocrx_word' id='word_1_247' title='bbox 151 3216 187 3282; x_wconf 77' lang='grc' dir='ltr'>εἰς</span> <span class='ocrx_word' id='word_1_248' title='bbox 210 3217 289 3278; x_wconf 84' lang='grc' dir='ltr'>αύτοί</span> <span class='ocrx_word' id='word_1_249' title='bbox 308 3218 452 3294; x_wconf 83' lang='grc' dir='ltr'>Ἀθηναῖοι</span> <span class='ocrx_word' id='word_1_250' title='bbox 474 3219 600 3298; x_wconf 91' lang='grc' dir='ltr'>λέγουσι·</span> <span class='ocrx_word' id='word_1_251' title='bbox 624 3219 658 3282; x_wconf 81' lang='grc' dir='ltr'>ὠς</span> <span class='ocrx_word' id='word_1_252' title='bbox 677 3217 732 3298; x_wconf 77' lang='grc' dir='ltr'>γάρ</span> <span class='ocrx_word' id='word_1_253' title='bbox 754 3217 787 3292; x_wconf 85' lang='grc' dir='ltr'>δή</span> <span class='ocrx_word' id='word_1_254' title='bbox 808 3216 840 3276; x_wconf 79' lang='grc' dir='ltr'>τό</span> <span class='ocrx_word' id='word_1_255' title='bbox 861 3215 951 3275; x_wconf 86' lang='grc' dir='ltr'>πάλαι</span> 
     </span>
     <span class='ocr_line' id='line_1_37' title="bbox 154 3305 953 3384; baseline -0.001 -19"><span class='ocrx_word' id='word_1_256' title='bbox 154 3309 221 3367; x_wconf 80' lang='grc' dir='ltr'>κατά</span> <span class='ocrx_word' id='word_1_257' title='bbox 237 3307 353 3384; x_wconf 80' lang='grc' dir='ltr'>Ἑλένης</span> <span class='ocrx_word' id='word_1_258' title='bbox 369 3307 486 3383; x_wconf 82' lang='grc' dir='ltr'>κομιδήν</span> <span class='ocrx_word' id='word_1_259' title='bbox 505 3305 669 3382; x_wconf 88' lang='grc' dir='ltr'>Τυνδαρίδαι</span> <span class='ocrx_word' id='word_1_260' title='bbox 689 3305 832 3380; x_wconf 83' lang='grc' dir='ltr'>ἐσέβαλον</span> <span class='ocrx_word' id='word_1_261' title='bbox 851 3309 878 3367; x_wconf 79' lang='grc' dir='ltr'>ἐς</span> <span class='ocrx_word' id='word_1_262' title='bbox 898 3307 953 3384; x_wconf 72' lang='grc' dir='ltr'>γῆν</span> 
     </span>
    </p>
   </div>
   <div class='ocr_carea' id='block_1_2' title="bbox 0 0 1135 3534">
    <p class='ocr_par' dir='ltr' id='par_1_4' title="bbox 0 0 1135 3534">
     <span class='ocr_line' id='line_1_38' title="bbox 0 0 1135 3534; baseline 0 0"><span class='ocrx_word' id='word_1_263' title='bbox 0 0 1135 3534; x_wconf 95' lang='lat' dir='ltr'> </span> 
     </span>
    </p>
   </div>
   <div class='ocr_carea' id='block_1_3' title="bbox 1082 3395 1124 3480">
    <p class='ocr_par' dir='ltr' id='par_1_5' title="bbox 1082 3395 1124 3480">
     <span class='ocr_line' id='line_1_39' title="bbox 1082 3395 1124 3480; baseline 0 0"><span class='ocrx_word' id='word_1_264' title='bbox 1082 3403 1102 3424; x_wconf 78' lang='grc'><em>”</em></span> <span class='ocrx_word' id='word_1_265' title='bbox 1122 3395 1124 3480; x_wconf 77' lang='grc' dir='ltr'>ἰ</span> 
     </span>
    </p>
   </div>
  </div>
 </body>
</html>
