2262 3534
150 107 197 154 τοι
454 102 640 153 τινοιοτοτ
887 103 947 165 [IX.

150 188 284 260 στρατιῆς
306 182 353 242 καὶ
373 180 428 243 ύπδ
449 186 499 257 τῆς
520 182 607 241 ἵππου
626 182 847 259 ταρασσομένης,
872 211 950 245 συνε·

149 271 296 349 λέχθησαν
309 271 373 347 περὶ
386 269 476 328 αὐτῶν
487 296 518 329 τε
530 269 634 330 τούτων
648 270 693 328 καὶ
706 268 809 344 ἄλλων,
823 272 951 336 ἐλθόντες

150 359 226 434 παρά
250 359 417 434 Παυσανίην
438 358 484 415 ἐπὶ
504 357 537 416 τό
559 357 647 426 δεξιόν
669 358 758 433 κέρας·
789 357 866 418 ἄλλα
886 360 950 440 γὰρ,

149 445 253 506 τούτων
276 445 407 506 τοιούτων
430 445 537 514 ἐόντων,
559 445 672 520 μᾶλλόν
693 453 785 521 σφεας
807 446 951 507 ἐπελύπεε·

150 532 284 613 οὔτεγὰρ
301 534 378 593 σιτία
397 533 472 611 εἶχον
491 534 538 602 ἐτι,
553 533 582 591 οἷ
593 533 626 592 τέ
638 540 734 609 σφεων
750 532 867 597 ὀπέωνες
883 533 951 596 α’πο-

149 623 324 699 πεμφθέντες
356 627 383 684 ἐς
410 619 631 697 Πελοπόννησον
660 619 695 684 οἷς
729 621 950 698 ἐπισιτιεύμενοι,

152 709 342 770 άποκεκλέατο
355 709 409 768 ύπό
422 712 472 784 τῆς
487 708 581 778 ἵππου,
597 707 629 768 ού
643 709 787 785 δυνάμενοι
800 708 951 772 οἷπικέσθαι

103 800 138 856 51
151 803 178 860 ἐς
190 798 223 858 τό
237 797 435 875 στρατόπεδον.
478 797 714 873 Βουλευομένοισι
731 797 760 855 δέ
776 802 852 856 τοῖσι
866 825 951 875 στρα·

149 891 262 966 πηγαῖσι
279 885 362 954 ἔδοξε,
379 883 413 960 ἢν
431 885 648 961 ὑπερβάλωνται
667 886 758 961 κείνην
775 885 827 960 την
844 885 951 963 ἡμέρην

152 977 179 1032 οἶ
199 974 310 1050 Πέρσαι
330 973 484 1050 συμβολὴν
503 972 546 1049 μη
564 972 730 1049 ποιεύμενοι,
746 979 772 1036 ἐς
792 973 843 1048 την
863 980 951 1050 νῆσον

148 1061 227 1121 ἰέναι·
247 1060 267 1137 ἦ
287 1061 319 1120 δέ
338 1067 399 1120 ἐστι
420 1060 475 1120 <ivd
496 1065 546 1120 τοῦ
559 1061 693 1120 Ἀσωποῦ
714 1063 760 1119 καὶ
780 1065 832 1136 τῆς
851 1063 950 1140 κρήνης

148 1153 199 1226 τῆς
219 1150 391 1231 Γαργαφίης,
406 1148 448 1208 ἐπ’
468 1147 488 1228 ᾗ
510 1149 778 1226 ἐστρατοπεδεύοντο
799 1149 870 1220 τότε,
885 1151 950 1210 δέκα

150 1239 279 1300 σταδίους
305 1237 458 1316 ἀπέχουσα,
488 1238 542 1314 πρό
569 1241 619 1313 τῆς
650 1238 815 1296 Πλαταιέων
842 1239 950 1303 πόλιος.

149 1331 235 1402 νῆσος
261 1327 293 1385 δὲ
317 1325 389 1385 οὕτω
413 1323 448 1384 ἂν
474 1327 516 1400 εἴη
543 1331 573 1384 ἐν
597 1325 710 1404 ἠπείρῳ·
741 1325 907 1404 σχιζόμενος
934 1327 950 1388 ό

150 1414 276 1491 ποταμός
289 1413 391 1473 άνωθεν
408 1419 439 1472 ἐκ
455 1417 505 1473 τοῦ
527 1415 701 1490 Κιθαιρῶνος
713 1414 769 1490 ῥέει
790 1414 862 1472 κάτω
877 1420 904 1478 ἐς
917 1416 950 1475 τδ

149 1503 252 1573 πεδίον,
267 1503 364 1581 διέχων
382 1501 429 1559 ἀπ’
443 1501 579 1576 ἀλλήλων
590 1501 625 1560 τά
639 1502 738 1578 ῥέεθρα
752 1500 873 1579 ὅσονπερ
887 1505 950 1580 τρία

150 1590 260 1650 στάδια·
302 1591 348 1648 καὶ
369 1591 463 1649 ἔπειτα
486 1591 642 1671 συμμίσγει
666 1595 693 1652 ές
711 1589 810 1649 τώυτό·
846 1590 949 1670 οὔνομα

105 1709 110 1725 ··
149 1678 180 1737 δέ
206 1681 232 1737 οἱ
257 1677 366 1755 Ὠερόη·
402 1678 540 1758 θυγατέρα
567 1677 596 1735 δέ
617 1678 720 1753 ταύτην
743 1679 860 1758 λέγουσι
882 1680 949 1740 εἶναι

149 1765 280 1825 Ἀσωποῦ
307 1769 334 1824 οἱ
361 1765 512 1843 ἐπιχιόριοι.
555 1771 582 1828 ἐς
607 1771 706 1825 τοῦτον
731 1765 764 1841 δή
787 1767 836 1826 τόν
859 1773 951 1846 χῶρον

152 1854 361 1931 ἐβουλεύσαντο
384 1859 599 1931 μεταναστῆναι,
625 1855 669 1914 ἵνα
693 1857 738 1913 καὶ
764 1854 842 1914 ὕδατι
865 1859 951 1935 ἐχωσι

149 1944 274 2021 χρᾶσθαι
293 1942 408 2022 ἀφθόνῳ
427 1943 473 2002 καὶ
489 1946 516 2002 οἶ
533 1943 628 2006 ἱππέες
648 1945 740 2019 σφέας
755 1942 795 2018 μη
814 1946 946 2018 σινοίατο,

150 2029 245 2110 ὥσπερ
259 2031 317 2090 κατ’
332 2036 342 2090 ἶ
360 2031 376 2090 ι)
391 2031 498 2091 ἐόντων·
515 2033 730 2108 μετακινέεσθαί
738 2057 769 2089 τε
783 2031 872 2090 ἐδόκεε
885 2032 950 2092 τότε

151 2120 234 2180 ἐπεάν
256 2125 307 2196 τῆς
329 2120 425 2183 νυκτός
451 2120 470 2200 ᾖ
497 2121 610 2197 δευτέρη
637 2120 759 2195 φυλακὴ,
787 2118 822 2182 ὦς
848 2119 882 2180 ἂν
908 2122 949 2198 μη

151 2208 255 2268 ἰδοίατο
277 2211 304 2267 οἱ
325 2210 437 2284 Πέρσαι
459 2209 684 2285 ἐξορμεωμένους,
708 2208 756 2266 καί
775 2214 866 2284 σφεας
888 2210 949 2269 ἐπό-

149 2322 228 2373 μενοι
240 2295 411 2373 ταράσσοιεν
426 2299 452 2354 οἱ
466 2295 590 2355 ἱππόται.
632 2295 804 2371 ἀπικομένων
818 2296 847 2354 δέ
861 2303 889 2360 ἐς
901 2297 951 2357 τίν

151 2390 243 2464 χῶρον
255 2389 355 2444 τοῦτον
368 2383 417 2444 τόν
431 2385 464 2460 δη
478 2385 496 2460 ή
509 2384 633 2446 Ἀσωπὶς
645 2383 746 2461 Ὠερόη
759 2387 950 2464 περισχίζεται

150 2473 254 2550 ῥέουσα
276 2478 306 2530 ἐκ
325 2476 376 2531 τοῦ
396 2474 575 2550 Κιθαιρῶνος,
597 2471 651 2531 ύπό
672 2471 724 2548 την
744 2471 828 2530 νύκτα
848 2472 951 2548 ταύτην

150 2560 241 2620 ἐδόκεε
260 2560 324 2622 τούς
343 2559 463 2636 ἡμίσεας
482 2559 672 2619 ἀποστέλλειν
687 2563 738 2618 τοῦ
758 2561 950 2634 στρατοπέδου

149 2647 221 2724 πρός
239 2649 289 2707 τόν
310 2649 479 2725 Κιθαιρῶνα,
499 2647 533 2712 ὦς
553 2647 724 2723 ἀναλάβοιεν
745 2643 810 2707 τούς
829 2646 950 2711 ὀπέωνας

150 2736 214 2799 τούς
240 2736 285 2794 ἐπὶ
307 2735 343 2796 τοὶ
370 2738 447 2795 σιτία
475 2737 644 2815 οἰχομένους·
679 2734 753 2811 ἦσαν
776 2734 831 2816 γάρ
858 2739 886 2795 ἐν
912 2739 952 2816 τῷ

152 2825 305 2901 Κιθαιρῶνι
316 2823 556 2902 ἀπολελαμμένοι.

102 2915 141 2972 52
191 2917 285 2972 Ταῦτα
310 2911 543 2989 βουλευσάμενοι,
572 2911 662 2987 κείνην
688 2913 739 2987 μὲν
765 2911 818 2986 τὴν
843 2911 951 2988 ἡμέρην

150 3004 254 3071 πᾶσαν,
273 3001 475 3077 προσκειμένης
493 3003 543 3074 τῆς
562 3000 655 3068 ἵππου,
675 2999 751 3077 εἶχον
768 2999 855 3058 πόνον
869 2999 949 3076 άτρυ-

150 3113 208 3147 τον·
222 3087 257 3150 ὥς
267 3088 325 3163 δέἧ
338 3113 369 3146 τε
379 3087 469 3162 ἡμέρη
482 3088 564 3167 ἔληγε
579 3087 624 3144 καὶ
636 3089 662 3144 οἶ
676 3088 771 3150 ἱππέες
785 3089 948 3157 ἐπέπαυντο,

150 3174 246 3237 νυκτός
268 3175 301 3249 δὴ
323 3175 472 3254 γενομένης
496 3174 542 3230 καὶ
564 3171 663 3248 ἐούσης
684 3177 734 3248 τῆς
756 3173 827 3250 ὥρης
848 3179 875 3237 ἐς
896 3175 949 3249 την

150 3259 292 3321 συνέκειτό
304 3267 361 3338 σφι
372 3259 623 3331 ἀπαλλάσσεσθαι,
637 3261 754 3321 ἐνθαῦτα
767 3261 908 3332 ἀερθέντες
921 3265 949 3321 οἱ
