2278 3538
175 167 222 212 192
481 163 665 210 Ἥτοαοτου
896 159 974 223 [vn.

126 243 183 302 173
192 267 255 300 τινα
262 241 402 318 σωτηρίην
411 239 644 320 μηχανεῶμενοι.”
665 244 752 300 ταῦτα
762 241 859 320 ἔλεγον
867 243 893 298 οἷ
904 247 976 299 Θεσ-

172 331 268 388 σαλοί.
311 332 347 388 Οἱ
368 329 397 387 δέ
410 329 549 406 Ἕλληνες
569 329 639 405 πρὸς
659 333 746 388 ταῦτα
768 328 976 404 ἐβουλεύσαντο

173 423 200 480 ἐς
219 419 384 493 Θεσσαλίην
401 419 520 493 πέμπειν
540 417 610 476 κατὰ
628 417 779 476 θάλασσαν
793 417 877 487 πεζόν
891 443 976 494 στρα-

171 505 227 577 τδν,
248 505 410 581 φυλάξοντα
431 506 481 580 τήν
501 506 639 580 ἐσβολήν.
682 505 717 568 αἷς
735 506 764 564 δέ
781 506 938 583 συνελέχθη
961 509 976 564 ὁ

172 596 300 671 στρατὸς,
337 595 418 652 έπλεε
446 593 479 652 δι’
510 593 640 670 Θύρίπου·
676 593 841 670 ἀπικόμενος
870 594 899 651 δὲ
925 599 976 669 τῆς

170 682 297 761 Ἀχαιίης
317 689 343 746 ἐς
357 683 455 751 Ἀλον,
470 681 582 758 α’ποβάς
601 683 747 760 ἐπορεύετο
761 688 788 744 ἐς
802 684 974 758 Θεσσαλίην,

171 771 220 833 τὰς
234 773 295 833 νέας
306 771 389 829 αύτοῦ
404 770 572 829 καταλιπών·
595 772 640 829 καὶ
655 770 769 829 α’πίκετο
781 775 807 832 ές
817 770 853 829 τὰ
863 772 975 847 Τέμπεα

175 864 201 920 ἐς
219 858 270 933 τήν
287 859 424 934 ἐσβολήν,
442 857 512 934 ήπερ
530 858 584 918 οἷπὸ
602 860 782 934 Μακεδονίης
793 863 842 933 τῆς
862 859 934 918 κάτω
948 865 975 922 ἐς

171 948 336 1022 Θεσσαλίην
356 948 434 1023 φέρει
452 947 527 1024 παρᾶ
542 948 663 1023 Πηνειὸν
677 947 812 1024 ποταμόν,
827 949 930 1023 μεταξύ
945 949 975 1007 δέ

172 1034 326 1112 Οὐλύμπου
340 1061 370 1095 τε
385 1034 479 1113 οὔρεος
493 1034 574 1095 ἐόντα
587 1037 632 1094 καὶ
646 1035 828 1112 τῆςὊσσης.
857 1037 975 1096 ἐνθαῦτα

171 1123 437 1201 ἐστρατοπεδεύοντο
455 1127 510 1184 τῶν
525 1124 670 1201 Ἑλλήνων
685 1125 754 1183 κατιί
768 1125 881 1201 μυρίους
894 1126 974 1184 ὁπλῖ-

169 1238 216 1271 ται
232 1215 426 1295 συλλεγέντες·
449 1214 497 1272 καί
513 1221 569 1289 σφι
587 1218 698 1290 προσῆν
712 1213 730 1289 ή
744 1218 798 1272 τῶν
816 1219 974 1273 Θεσσαλῶν

171 1301 264 1365 ἵππος·
287 1301 455 1382 ἐστρατήγεε
475 1303 504 1361 δὲ
522 1302 744 1378 Λακεδαιμονίων
761 1304 813 1378 μὲν
827 1301 972 1366 Εύαίνετος

170 1388 187 1448 ὁ
203 1389 332 1466 Καρήνου
352 1396 381 1448 ἐκ
400 1394 455 1449 τῶν
473 1391 660 1468 πολεμάρχων
675 1389 866 1467 ἀραιρημένος,
880 1391 973 1470 γένεος

170 1478 266 1553 μέντοι
287 1477 337 1536 ἐιδν
356 1477 388 1536 οὗ
405 1483 456 1537 τοῦ
474 1479 638 1553 βασιληίου,
653 1477 807 1554 Ἀθηναίων
821 1478 850 1537 δέ
868 1485 971 1554 Θεμισ-

169 1567 286 1641 τοκλέης
313 1565 330 1624 ὁ
357 1567 506 1628 Νεοκλέος.
550 1567 658 1642 ἔμειναν
685 1567 714 1625 δέ
742 1566 840 1647 ὀλίγας
869 1566 973 1643 ἡμέρας

171 1653 297 1712 ἐνθαῦτα·
319 1653 482 1729 ἀπικόμενοι
495 1653 551 1733 γαρ
565 1653 682 1734 ἄγγελοι
696 1654 772 1732 παρα
787 1654 972 1732 Ἀλεξάνδρου

168 1745 219 1801 τοῦ
232 1740 378 1816 Ἀμύντεω,
395 1740 492 1818 α’νδρδς
512 1742 681 1813 Μακεδόνος,
697 1742 902 1818 συνεβούλευόν
916 1750 972 1818 σφι

170 1828 421 1899 ἀπαλλάσσεσθαι,
434 1830 505 1906 μηδὲ
521 1831 654 1906 μένοντας
670 1836 698 1891 ἐν
713 1836 748 1910 τῇ
763 1832 876 1908 ἐσβολῇ
890 1857 971 1889 κατα-

169 1919 327 1993 πατηθῆναι
345 1917 399 1976 ύπό
417 1923 466 1977 τοῦ
488 1923 611 1995 στρατοῦ
628 1919 760 1981 ἐπιόντος·
790 1919 971 1993 σημαίνοντες

170 2005 202 2064 τό
217 2007 326 2082 πλῆθός
338 2033 369 2066 τε
381 2011 431 2083 τῆς
445 2011 580 2084 στρατιῆς
594 2009 639 2066 καὶ
653 2007 702 2070 τοὶς
715 2008 786 2068 νέας·
805 2006 839 2068 ὦς
870 2009 882 2064 ἐ
895 2004 973 2066 οὗτοί

170 2101 226 2169 σφι
239 2099 326 2154 ταῦτα
340 2094 554 2171 συνεβούλευον,
570 2095 692 2173 (χρηστα
710 2095 764 2175 γοὶρ
779 2094 887 2153 ἐδόκεον
900 2121 970 2170 συμ-

168 2183 322 2258 βουλεύειν,
339 2183 386 2241 καί
397 2190 453 2258 σφι
468 2183 559 2245 εύνοος
575 2185 702 2258 ἐφαίνετο
718 2182 769 2240 εἰύν
784 2182 799 2242 ὁ
813 2181 970 2262 Μακεδών)

171 2272 322 2331 ἐπείθοντο·
344 2273 447 2330 δοκέειν
464 2272 494 2330 δέ
506 2299 562 2346 μοι,
578 2271 696 2348 ἀρρωδίη
713 2270 747 2346 ἦν
766 2271 798 2331 τύ
816 2272 920 2342 πεῖθον,
936 2271 971 2334 ὦς

170 2359 305 2418 ἐπύθοντο
322 2361 367 2417 καὶ
385 2359 478 2435 ἄλλην
498 2365 600 2418 ἐοῦσαν
620 2359 749 2435 ἐσβολήν
763 2365 790 2422 ἐς
804 2359 971 2422 Θεσσαλούς

170 2447 240 2506 κατὰ
266 2447 317 2521 τήν
343 2447 398 2506 ἅνω
430 2448 605 2523 Μακεδονίην
633 2448 676 2506 διαὶ
705 2449 874 2524 Περραιβῶν
901 2451 971 2506 κατοὶ

171 2535 272 2594 Γόννον
290 2535 383 2594 πόλιν·
411 2540 498 2614 τῇπερ
518 2535 551 2611 δή
573 2536 619 2594 καὶ
640 2537 763 2611 ἐσέβαλε
780 2535 799 2611 ἦ
817 2535 935 2612 στρατιή
952 2535 971 2611 ἦ

170 2623 286 2698 Ξέρξεω·
312 2623 483 2700 καταβάντες
504 2624 533 2682 δέ
556 2627 582 2682 οἶ
600 2623 739 2699 Ἕλληνες
761 2625 806 2682 ἐπὶ
827 2624 877 2686 τὰς
900 2625 970 2692 νέας,

126 2713 179 2770 174
190 2710 281 2769 ὀπίσω
295 2711 459 2788 ἐπορεύοντο
474 2717 500 2776 ἐς
513 2711 563 2771 τδν
576 2711 701 2787 Ἰσθμόν.
738 2712 815 2788 Αὕτη
830 2712 938 2792 ἐγένετο
951 2709 971 2787 ή

170 2803 197 2860 ἐς
223 2801 388 2875 Θεσσαλίην
415 2801 561 2876 στρατηίη,
588 2801 728 2875 βασιλέος
758 2827 789 2859 τε
816 2802 972 2876 μέλλοντος

170 2886 324 2960 διαβαίνειν
338 2893 365 2949 ἐς
378 2888 429 2964 τήν
447 2887 583 2964 Εὐρώπην
597 2893 626 2946 ἐκ
639 2892 690 2963 τῆς
702 2887 801 2964 Ἀσίης
816 2889 861 2946 καὶ
880 2887 972 2951 ἐόντος

168 2973 221 3051 ἥδη
242 2980 271 3035 ἐν
291 2974 411 3054 Ἀβύδῳ·
435 2977 582 3034 Θεσσαλοὶ
603 2975 632 3033 δέ
655 2977 838 3053 ἐρημωθέντες
862 2976 972 3052 συμμά-

169 3089 234 3142 χων,
249 3063 319 3123 οὕτω
330 3063 363 3139 δή
375 3063 512 3139 ἐμήδισαν
522 3062 669 3139 προθύμως
680 3064 736 3123 οὐδ’
747 3066 786 3124 ἐτι
797 3065 971 3127 ἐνδοιαστῶς·

170 3151 242 3211 ὥστε
263 3157 292 3211 ἐν
311 3155 388 3210 τοῖσι
408 3150 557 3230 πρήγμασι
576 3152 724 3227 ἐφαίνοντο
741 3151 862 3228 βασιλέί
877 3151 973 3228 ἄνδρες

170 3239 259 3301 ἐόντες
272 3238 492 3317 χρησιμώτατοι.
1136 3311 1137 3320 γ

124 3328 180 3388 175
232 3330 269 3385 Οἱ
282 3325 458 3402 δέἘλληνες
472 3327 534 3384 ἐπεί
549 3351 580 3384 τε
598 3325 717 3385 ἀπίκατο
738 3331 766 3389 ἐς
781 3325 970 3402 τδνἸσθμὸν,
1130 3323 1137 3387 ί
