2276 3538
162 173 303 236 153-156]
483 174 669 224 ΠΟΛΤΜΝῙΑ.
914 176 961 224 183

160 252 286 313 τούτοισι
298 255 374 312 τοῖσι
387 253 541 329 πολέμοισι
555 253 606 312 εἰύν
620 253 635 312 ὁ
649 255 743 313 Γέλων
753 253 961 331 λαμπρότατος·

160 345 215 400 τῶν
238 342 266 399 δὲ
291 341 368 399 εἶπον
390 341 504 414 πολίων,
527 343 644 400 τουτέων
665 342 741 416 πλην
764 343 961 419 Συρηκουσέων

162 429 274 506 οὐδεμία
301 429 424 509 πέφευγε
455 429 628 508 δουλοσύνην
658 429 727 506 πρδς
754 430 961 507 Ἱπποκράτεος·

160 518 366 594 Συρηκουσίους
384 517 412 574 δὲ
431 517 578 594 Κορίνθιοί
590 545 621 576 τε
638 519 684 576 καὶ
703 523 869 596 Κερκυραῖοι
886 518 961 595 ε’ρρύ-

82 675 86 681 .
160 631 247 665 σαντο
261 605 339 682 μάχῃ
354 605 529 668 ἑσσωθέντας
543 606 588 664 ε’πὶ
601 611 718 685 ποταμῷ
730 607 852 686 Ἐλώρῳ.
888 607 962 682 ε’ρρύ-

160 720 248 753 σαντο
286 697 298 752 ὲ
320 691 397 752 οὗτοι
418 694 463 752 ἐπὶ
483 694 579 753 τοῖσδε
598 694 830 765 καταλλάξαντες,
853 695 894 754 ἐπ’
911 693 962 774 ᾧτε

160 781 337 858 Ἱπποκράτεϊ
361 781 527 858 Καμάριναν
548 785 757 859 Συρηκουσίους
781 783 960 860 παραδοῦναι·

161 871 357 947 Συρηκουσίων
372 871 400 928 δὲ
417 869 451 944 ἦν
466 869 616 946 Καμάρινα
629 871 661 930 τά
678 870 804 950 άρχαῖον.
846 871 894 934 Ὡς
914 872 942 930 δὲ
953 876 1009 932 155

161 959 206 1016 καὶ
219 958 405 1035 Ἱπποκράτεα
418 958 640 1034 τυραννεύσαντα
654 960 704 1018 ἶσα
715 961 775 1018 ἔτεα
788 964 827 1039 τῷ
836 959 963 1037 ἀδελφεῷ

161 1047 312 1126 Κλεάνδρῳ
337 1047 480 1122 κατέλαβε
504 1046 654 1107 άποθανεῖν
678 1047 837 1124 πρδςπόλι
855 1047 961 1127 Ὕβλῃ,

162 1134 405 1211 στρατευσάμενον
416 1137 461 1192 ἐπὶ
475 1135 539 1197 τούς
554 1135 694 1206 Σικελούς,
707 1135 777 1194 οὕτω
791 1135 824 1211 δη
839 1135 856 1195 o‘
869 1137 963 1196 Γέλων

160 1222 285 1303 τῷλόγῳ
299 1224 437 1301 τιμωρέων
450 1227 526 1282 τοῖσι
539 1222 739 1301 Ἱπποκράτεος
752 1225 835 1282 παισὶ
847 1223 961 1282 Εὐκλεί-

162 1311 195 1390 δη
209 1337 240 1369 τε
257 1311 302 1368 καὶ
319 1311 477 1390 Κλεάνδρῳ,
494 1310 525 1368 ού
542 1312 725 1387 βουλομένων
738 1317 792 1371 τῶν
809 1313 962 1386 πολιητέων

162 1399 304 1474 κατηκόων
325 1401 363 1458 ἔτι
386 1399 461 1469 εἶναι,
483 1403 521 1477 τῷ
541 1401 616 1480 ἔργῳ,
639 1399 674 1476 ὥς
695 1399 866 1476 ἐπεκράτησε
885 1400 963 1478 μάχη

161 1492 216 1547 τῶν
232 1487 356 1557 Γελοίων,
375 1487 445 1565 ἦρχε
466 1487 549 1550 αύτδς
570 1487 767 1565 ἀποστερήσας
785 1487 849 1550 τούς
868 1487 962 1546 Ἱππο-

161 1576 275 1652 κράτεος
303 1577 412 1638 παῖδας·
439 1576 510 1652 μετά
538 1576 567 1634 δὲ
594 1581 677 1634 τοῦτο
703 1575 736 1635 τά
764 1575 877 1651 εὕρημα,
900 1576 964 1640 τούς

160 1664 300 1745 γαμόρους
318 1665 502 1740 καλεομένους
515 1669 570 1724 τῶν
584 1665 778 1740 Συρηκουσέων
796 1664 964 1728 ἐκπεσόντας

160 1752 215 1811 ύπό
229 1779 259 1811 τε
275 1758 325 1812 τοῦ
340 1752 429 1829 δήμου
447 1753 492 1812 καὶ
509 1757 563 1812 τῶν
578 1753 721 1830 σφετέρων
736 1753 841 1812 δούλων
854 1753 963 1834 (καλεο-

162 1842 249 1916 μένων
269 1841 298 1898 δὲ
316 1842 494 1922 Κυλλυρίων)
513 1841 529 1901 ά
550 1843 645 1900 Γέλων
667 1842 830 1923 καταγαγὼν
849 1841 964 1904 τούτους

162 1933 192 1987 ἔκ
213 1931 365 2006 Κασμένης
386 1930 484 1993 πόλιος
505 1936 532 1992 ἐς
553 1931 602 1993 τάς
625 1930 813 2006 Συρηκούσας,
830 1931 897 2008 ἔσχε
918 1933 964 1990 καὶ

161 2017 271 2081 ταύτας·
301 2017 316 2078 ὁ
339 2019 394 2099 γάρ
417 2019 504 2095 δῆμος
525 2018 540 2077 ά
562 2023 617 2077 τῶν
643 2020 838 2100 Συρηκουσέων
861 2019 964 2078 ἐπιόντι

161 2107 266 2166 Γέλωνι
290 2108 438 2184 παραδιδοῖ
458 2108 509 2182 τὴν
531 2107 615 2165 πόλιν
638 2107 684 2164 καὶ
709 2106 815 2165 ἑωυτόν.
858 2105 891 2164 Ὁ
914 2107 1010 2166 δὲ156

162 2196 224 2252 ε’πεί
239 2222 270 2254 τε
288 2197 436 2272 παρέλαβε
455 2196 505 2258 τοὶς
524 2194 711 2272 Συρηκούσας,
730 2195 820 2269 Γέλης
838 2196 889 2269 μὲν
908 2199 963 2252 ε’πι-

163 2285 282 2359 κρατέων
306 2283 393 2364 λόγον
416 2283 531 2343 ε’λάσσω
555 2284 685 2352 ἐποιέετο,
709 2283 858 2360 ἐπιτρέψας
879 2281 964 2358 αύτήν

160 2369 264 2446 Ἱέρωνι
278 2371 406 2450 ἀδελφεῷ
421 2376 520 2430 ἑωυτοῦ
524 2397 530 2410 ·
552 2371 568 2430 ό
582 2371 611 2430 δὲ
624 2370 674 2433 τάς
694 2370 873 2448 Συρηκούσας
887 2369 963 2448 ε’κρά-

162 2485 233 2528 τυνε,
246 2459 291 2517 καὶ
304 2459 378 2534 ἦσαν
392 2459 502 2519 ἅπαντά
517 2463 543 2518 οἱ
558 2459 744 2537 Συρήκουσαι.
776 2463 805 2518 αἱ
816 2460 848 2518 δὲ
860 2485 963 2536 παραυ-

162 2547 225 2605 τίκα
239 2547 291 2606 άνά
303 2546 327 2606 τ’
342 2548 460 2626 ἔδραμον
474 2550 519 2606 καὶ
536 2547 725 2624 αἶνέβλαστον
746 2553 829 2607 τοῦτο
846 2549 963 2630 μὲνγὰρ

163 2637 371 2713 Καμαριναίους
391 2637 514 2699 ἅπαντας
535 2642 562 2700 ές
582 2636 631 2699 τάς
653 2636 832 2712 Συρηκούσας
853 2636 964 2718 άγαγιδν

162 2723 299 2799 πολιήτας
314 2726 437 2800 ε’ποίησε,
449 2725 614 2802 Καμαρίνης
628 2725 657 2782 δὲ
670 2724 702 2783 τά
715 2724 786 2783 άστυ
796 2726 962 2802 κατέσκαψε·

162 2817 245 2870 τοῦτο
269 2813 298 2871 δὲ
326 2813 443 2873 Γελοίων
466 2813 654 2888 ὑπερημίσεας
680 2818 735 2872 τῶν
761 2812 855 2872 οἰστῶν
877 2812 964 2872 τώυτό

162 2903 239 2958 τοῖσι
258 2902 479 2978 Καμαριναίοισι
497 2901 622 2976 ε’ποίησε·
644 2903 792 2981 Μεγαρέας
810 2927 840 2959 τε
856 2899 920 2960 τούς
937 2905 964 2958 έν
999 2893 1002 2898 ¹

163 2990 286 3068 Σικελίῃ,
307 2989 341 3052 ὥς
359 2988 588 3067 πολιορκεόμενοι
607 2994 633 3052 ές
651 2988 805 3068 ὁμολογίην
821 2985 965 3072 προσεχού-

163 3103 262 3154 ρησαν,
276 3077 341 3139 τούς
354 3080 405 3154 μὲν
419 3077 507 3137 αὐτῶν
520 3077 635 3155 παχέας,
649 3076 826 3152 ἀειραμένους
838 3099 868 3131 τε
881 3073 965 3131 πόλε-

162 3191 216 3241 μον
230 3163 303 3244 αύτῷ
319 3167 364 3224 καὶ
380 3166 602 3243 προσδοκέοντας
621 3163 794 3222 ἀπολέεσθαι
813 3160 858 3218 διά
873 3164 964 3231 τοῦτο,

164 3253 238 3332 ἄγων
257 3258 285 3318 ές
302 3253 352 3316 τάς
372 3253 551 3330 Συρηκούσας
568 3251 705 3326 πολιήτας
722 3250 846 3325 ε’ποίησε·
866 3248 915 3306 τόν
936 3248 965 3307 δὲ

164 3341 254 3418 δημον
266 3347 322 3401 τῶν
335 3343 495 3423 Μεγαρέων,
510 3341 558 3400 ούκ
574 3341 653 3400 ἐόντα
666 3339 806 3415 μεταίτιον
819 3341 869 3396 τοῦ
882 3336 964 3396 πολέ-
