2278 3538
188 131 236 180 τοι
451 173 454 180 .
496 130 677 180 Ἦνοαοτου
911 125 987 190 [νυ.

187 208 375 287 πειρεόμενοι,
390 209 436 268 καὶ
450 209 520 268 κατά
533 210 617 268 τέλεα
630 209 676 268 καὶ
689 207 825 269 παντοίως
838 205 989 282 προσβάλ-

188 300 293 366 λοντες,
308 295 470 372 ἀπήλαυνον
484 296 584 356 ὀπίσω.
621 303 650 356 ἐν
665 296 784 375 ταύτῃσι
800 297 868 372 τῇσι
885 291 989 370 προσό-

189 384 264 444 δοισι
286 389 337 461 τῆς
357 385 450 464 μάχης
474 387 587 465 λέγεται
610 385 738 461 βασιλέα
762 381 912 458 θηεύμενον
932 382 991 458 τρὶς

189 471 357 550 ἀναδραμεῖν
368 478 398 531 ἐκ
411 478 461 532 τοῦ
475 473 583 550 θρόνου.
595 473 726 532 δείσαντα
738 471 802 546 περὶ
815 474 850 548 τῇ
861 473 990 547 στρατιῇ.

142 561 281 620 212Τότε
306 564 358 637 μὲν
385 560 456 620 οίτω
481 560 666 642 ἠγωνίσαντο·
693 564 729 638 τῇ
757 559 780 618 δ’
803 557 937 635 ὑστεραίῃ
965 560 992 614 οἱ

189 649 335 726 βάρβαροι
359 647 437 708 οὖδέν
457 647 570 725 ἄμεινον
591 648 716 707 ἀέθλεον·
744 645 793 706 ἅτε
812 645 867 726 γάρ
888 643 992 724 ὀλίγων

191 735 298 806 ἐόντων,
310 737 476 799 ἐλπίσαντές
489 742 582 811 σφεας
595 735 888 813 κατατετρωματίσθαι
901 758 932 792 τε
946 733 991 792 καὶ

191 821 240 880 οόκ
257 824 331 886 οἵους
347 849 378 882 τε
395 825 510 884 ἔσεσθαι
528 825 567 882 ἐτι
580 827 675 903 χεῖρας
691 822 897 898 ἀνταείρασθαι,
913 821 992 880 συνέ-

190 911 314 986 βαλλον·
343 914 370 970 οἱ
393 912 423 970 δέ
444 911 584 987 Ἕλληνες
608 911 678 970 κατά
700 911 777 980 τάξις
800 936 830 969 τε
855 911 900 968 καὶ
921 909 992 968 κατοῖ

192 998 271 1057 ἔθνεα
289 1001 493 1076 κεκοσμημένοι
507 999 589 1075 ἦσαν,
604 1001 650 1058 καὶ
666 1005 695 1058 ἐν
707 1001 784 1075 μέρεϊ
801 999 915 1056 ἔκαστοι
928 995 992 1072 ἐμά·

191 1112 285 1164 χοντο,
296 1087 372 1162 πλήν
382 1088 506 1147 Φωκέων·
523 1085 600 1146 οὗτοι
613 1087 643 1146 δὲ
657 1093 684 1149 ἐς
697 1086 729 1145 τά
741 1085 821 1162 οὖρος
832 1085 993 1164 ἐτάχθησαν

193 1174 366 1250 φυλάξοντες
383 1176 434 1251 τήν
451 1175 584 1252 α’τραπόν·
607 1175 642 1238 ὦς
660 1175 689 1234 δὲ
708 1173 786 1233 οὐδὲν
801 1171 930 1250 εὕρισκον
943 1173 992 1232 άλ-

192 1262 336 1340 λοιότερον
355 1267 381 1324 οἱ
402 1264 516 1342 Πέρσαι
533 1261 551 1340 ἢ
571 1267 606 1342 τῇ
624 1262 774 1341 προτεραίῃ
793 1261 906 1338 ἐνώρων,
922 1259 994 1338 άπή-

183 1354 306 1411 ,λαυνον

145 1440 204 1499 213
232 1438 417 1517 Ἀπορέοντος
427 1440 456 1500 δὲ
466 1440 605 1516 βασιλέος
613 1439 628 1500 ὅ
636 1465 663 1500 τι
673 1439 810 1519 χρήσεται
818 1444 856 1519 τῷ
863 1437 995 1516 παρεόντι

193 1526 345 1607 πρήγματι,
368 1527 521 1604 Ἐπιάλτης
544 1528 560 1588 ὁ
584 1527 749 1604 Εὐρυδήμου
774 1526 843 1602 άνήρ
868 1526 995 1602 Μηλιεύς

191 1611 265 1689 ἦλθέ
278 1618 304 1673 οἱ
318 1619 345 1678 ἐς
358 1614 467 1695 λόγους,
481 1615 517 1678 ὦς
528 1616 603 1696 μέγα
615 1642 642 1674 τι
656 1616 732 1692 παρὰ
745 1616 884 1690 βασιλέος
894 1614 995 1673 δοκέων

194 1702 334 1762 οἴσεσθαι·
352 1701 462 1780 ἔφρασέ
474 1729 505 1762 τε
517 1703 570 1780 τήν
583 1702 708 1780 άτραπόν
718 1699 769 1780 τήν
779 1702 824 1763 διαὶ
836 1707 886 1762 τοῦ
900 1701 995 1779 οὔρεος

194 1789 338 1867 φέρουσαν
355 1795 382 1853 ἐς
399 1791 592 1867 Θερμοπύλας,
607 1793 652 1851 καὶ
670 1793 810 1870 διέφθειρε
826 1791 891 1852 τούς
907 1790 995 1870 ταύτῃ

192 1877 393 1953 ὑπομείναντας
415 1877 570 1956 Ἑλλήνων·
597 1879 715 1958 ὕστερον
738 1881 768 1940 δὲ
791 1880 886 1943 δείσας
906 1885 993 1938 Λακε-

194 1966 350 2043 δαιμονίους
365 1969 451 2048 ἔφυγε
468 1972 495 2030 ἐς
508 1969 682 2044 Θεσσαλίην·
704 1970 752 2027 καί
766 1972 792 2028 οἱ
807 1967 925 2050 φυγόντι
940 1963 995 2028 akr&

192 2060 248 2116 τῶν
262 2056 436 2137 Πυλαγόρων
450 2058 516 2137 (τῶν
528 2056 740 2133 Ἀμφικτυόνων
757 2063 784 2120 ἐς
801 2057 852 2133 τήν
866 2057 995 2132 Πυλαίην

194 2146 420 2225 συλλεγομένων)
434 2143 566 2225 α’ργόριον
585 2145 769 2224 ἐπεκηρύχθη·
791 2144 880 2224 χρόνῳ
898 2143 928 2202 δὲ
945 2143 995 2203 ὕσ-

193 2258 282 2309 τερον,
311 2234 434 2307 κατῆλθε
460 2231 515 2313 γάρ
544 2237 571 2296 ἐς
596 2233 767 2309 Ἀντικύρην,
793 2232 913 2293 ἀπέθανε
939 2229 994 2289 find

193 2318 351 2396 Ἀθηνάδεω
369 2319 468 2397 ἀνδρός
485 2321 643 2399 Τρηχινίου
665 2320 681 2379 ό
700 2321 730 2379 δέ
746 2319 899 2394 Ἀθηνάδης
917 2315 996 2380 οὗτος

194 2406 337 2466 ἀπέκτεινε
356 2409 408 2482 μὲν
425 2406 579 2466 Ἐπιάλτεα
598 2408 631 2467 δι’
648 2407 740 2483 ἄλλην
758 2408 856 2482 αἰτίην,
872 2405 924 2481 τήν
943 2405 996 2485 ἐγώ

195 2500 223 2553 ἐν
243 2498 319 2554 τοῖσι
339 2492 441 2554 ὄπισθε
462 2493 577 2575 λόγοισι
597 2497 737 2572 σημανέω·
763 2494 881 2572 ἐτιμήθη
901 2495 996 2568 μέντοι

193 2581 248 2641 find
271 2582 496 2659 Λακεδαιμονίων
520 2582 598 2643 οὐδὲν
621 2581 725 2658 ἧσσον.
766 2582 920 2658 Ἐπιάλτης
945 2583 997 2658 μὲν

195 2669 266 2728 οὕτω
278 2669 396 2747 ὕστερον
409 2669 513 2731 τούτων
527 2670 657 2732 ἀπέθανε.

146 2758 205 2816 214
231 2755 317 2818 Ἔστι
337 2759 367 2818 δὲ
385 2759 476 2835 ἔτερος
494 2759 646 2840 λεγόμενος
664 2759 759 2840 λόγος,
779 2758 814 2822 ὥς
829 2757 948 2834 Ὀνήτης
965 2782 997 2817 τε

195 2844 211 2904 ό
227 2845 393 2926 Φαναγόρεω
409 2845 478 2924 άνήρ
494 2846 654 2923 Καρύστιος
672 2849 718 2906 καὶ
737 2845 922 2924 Κορυδαλλδς
935 2844 996 2904 Ἀν-

194 2935 318 3012 τικυρεύς
332 2936 387 2995 εἶσὶ
404 2938 430 2994 οἱ
445 2936 569 2996 εἴπαντες
581 2935 652 3010 πρός
664 2935 792 3010 βασιλέα
804 2933 920 2996 τούτους
931 2931 998 2995 τούς

196 3021 305 3104 λόγους,
319 3024 364 3082 καὶ
377 3020 615 3102 περιηγησάμενοι
628 3021 662 3082 τό
672 3019 754 3102 οὖρος
762 3025 840 3082 τοῖσι
853 3021 995 3100 Πέρσησι,

196 3111 322 3188 οὐδαμῶς
343 3111 407 3187 ἐμοί
424 3134 458 3190 γε
477 3107 588 3171 πιστός·
609 3112 693 3168 τοῦτο
710 3109 761 3186 μὲν
779 3109 835 3190 γάρ
852 3108 921 3188 τῷδε
940 3111 997 3187 χρη

196 3197 432 3274 σταθμώσασθαι,
459 3193 503 3255 ὅτι
530 3197 557 3254 οἱ
583 3198 639 3256 τῶν
660 3195 806 3272 Ἑλλήνων
831 3195 998 3276 Πυλαγόροι

196 3285 367 3362 ἐπεκήρυξαν
381 3283 430 3344 οὐκ
444 3283 490 3342 ἐπὶ
501 3281 607 3362 Ὀνήτῃ
619 3309 651 3343 τε
668 3285 714 3343 καὶ
727 3282 902 3361 Κορυδαλλῷ
915 3280 998 3364 ἀργά·
