2262 3534
171 143 278 210 ιιι-ιι]
486 145 673 194 mamona:
695 177 697 180 -
925 148 976 198 ιον

170 227 266 303 μέντοι
286 225 371 286 ἵππος
390 223 410 300 η’
430 225 592 299 Μαρδονίου
613 225 665 282 αἰεὶ
686 228 853 302 προσέκειτό
875 253 906 292 τε
926 228 972 287 καὶ

93 324 96 333 “
172 311 271 372 ἐλύπεε
283 310 348 373 τοῦς
355 309 508 386 Ἕλληνας·
532 315 558 370 οἱ
570 311 626 392 γάρ
638 314 770 388 Θηβαῖοι,
784 313 833 373 ἅτε
846 315 972 390 μηδίζον-

171 425 216 464 τες
238 399 377 480 μεγάλως,
400 399 549 475 προθύμως
573 401 676 477 ἔφερονΙ
695 400 745 460 τόν
766 402 900 478 πόλεμον,
927 403 973 462 καὶ

172 488 225 546 αίεὶ
252 487 420 567 κατηγέοντο
441 487 525 565 μέχρι
551 487 653 567 μάχης·
687 487 721 548 τό
743 488 773 547 δὲ
795 488 851 548 άπό
874 490 972 552 τούτου

172 573 391 652 παραδεκόμενοι
407 575 516 650 Πέρσαι
529 601 560 635 τε
574 576 619 634 καὶ
638 575 741 651 Μῆδοι,
755 575 835 652 μάλα
851 577 934 637 ἔσκον
947 577 975 638 οἳ

173 661 364 722 ἀπεδείκνυντο
378 660 485 740 άρεπάς.

94 749 95 753 “
108 742 111 749 ¹
213 753 308 829 Μέχρι
320 751 372 827 μέν
385 775 433 810 νυν
446 753 501 810 τῶν
514 751 580 810 δέκα
593 750 716 828 ἡμερέων
731 751 809 812 οῦδὲν
827 754 872 813 ἐπὶ
885 757 973 814 πλεῦν
983 755 1017 814 41

173 839 277 918 ἐγίνετο
290 837 403 898 τούτων·
426 837 461 900 ῶς
473 839 503 898 δὲ
518 838 646 914 ἑνδεκάτη
661 839 785 920 ἐγεγόνεε
798 841 888 920 ἡμέρη
902 840 973 900 άντι-

173 928 355 1002 κατημένοισι
369 931 397 986 ἐν
411 930 577 1005 Πλαταιῇσι
592 927 621 985 οἵ
636 953 666 986 τε
681 927 714 1002 δη
723 926 862 1004 Ἓλληνες
875 933 975 1008 πολλῷ

172 1016 288 1076 πλεῦνες
309 1013 484 1094 ἐγεγόνεσαν,
506 1015 552 1072 καὶ
568 1013 727 1089 Μαρδόνιος
745 1017 923 1093 περιημέκτεε
939 1021 975 1096 τῇ

173 1099 247 1178 ἕδρη,
274 1101 392 1160 ε’νθαῦτα
419 1105 447 1164 ἐς
473 1101 577 1181 λόγους
603 1100 693 1177 ἦλθον
720 1103 878 1179 Μαρδόνιός
902 1131 933 1164 τε
956 1103 972 1164 ό

172 1188 309 1264 Γωβρόεω
323 1189 369 1246 καὶ
378 1187 555 1266 Ἀρτάβαζος
565 1189 580 1248 ό
591 1189 755 1266 Φαρνάκεος,
765 1189 796 1253 ὃς
806 1195 835 1250 έν
849 1190 973 1272 ὀλίγοισι

173 1277 307 1352 Περσέων
327 1275 362 1352 ἦν
383 1275 453 1353 α’νήρ
475 1275 588 1353 δόκιμος
611 1277 688 1354 παρά
709 1279 809 1357 Ξέρξη·
838 1280 973 1355 βουλευο-

172 1363 261 1440 μένων
277 1364 307 1424 δέ
325 1364 385 1422 αἵδε
403 1363 478 1439 ἦσαν
495 1367 524 1424 αἱ
542 1369 659 1446 γνῶμαι·
680 1364 699 1441 ἦ
718 1368 770 1442 μὲν
787 1365 973 1443 Ἀρταβάζου,

174 1451 209 1515 ῶς
224 1452 308 1530 χρεόν
323 1453 365 1528 εἴη
379 1451 578 1524 ἀναζεύξαντας
592 1453 644 1530 τὴν
662 1454 800 1532 ταχίστην
816 1454 907 1515 πάντα
923 1456 973 1515 τόν
1017 1477 1028 1492 ·

173 1540 304 1617 στρατόν,
325 1541 393 1600 ἱέναι
409 1546 435 1604 ε’ς
449 1541 481 1602 τό
500 1545 593 1620 τεῖχος
610 1542 643 1601 τό
657 1543 798 1618 Θηβαίων,
813 1544 878 1603 ἔνθα
891 1543 972 1603 σῖτόν

172 1630 205 1688 τέ
223 1635 279 1705 σφι
297 1630 488 1708 ἐσενηνεῖχθαι
508 1629 618 1690 πολλόν
637 1631 682 1690 καὶ
698 1630 802 1710 χόρτον
818 1635 895 1692 τοῖσι
907 1631 973 1691 ῦπο-

172 1718 302 1799 ζυγίοισι·
324 1715 382 1776 κατ’
399 1717 521 1796 ἡσυχίην
537 1743 568 1777 τε
587 1719 727 1795 ἱζομένους
745 1719 973 1796 διαπρήσσεσθαι

173 1810 318 1868 ποιεῦντας
336 1805 412 1866 τάδε·
434 1807 507 1885 ἔχειν
523 1805 578 1886 γάρ
596 1805 704 1885 χρυσόν
720 1807 832 1868 πολλόν
851 1811 902 1886 μὲν
916 1808 972 1868 ε’πί-

173 1919 274 1970 σημον,
297 1893 407 1952 πολλόν
429 1895 459 1952 δὲ
479 1894 525 1952 καὶ
545 1891 665 1968 άσημον,
681 1894 793 1954 πολλόν
811 1894 840 1954 δὲ
861 1896 907 1954 καὶ
927 1894 973 1971 άρ-
1011 1947 1014 1954 .

173 1981 257 2061 γυρόν
267 2007 298 2042 τε
308 1981 355 2040 καὶ
369 1979 526 2056 ε’κπῶματα·
543 1980 647 2040 τούτων
659 1981 838 2058 φειδομένους
847 1982 972 2058 μηδενός,

174 2068 338 2145 διαπέμπειν
352 2073 379 2131 ἐς
394 2067 459 2130 τοῦς
472 2067 623 2143 Ἕλληνας,
639 2068 783 2142 Ἑλλήνων
802 2069 831 2127 δὲ
848 2069 975 2146 μάλιστα

174 2161 201 2218 ἐς
222 2156 287 2218 τοῦς
307 2159 500 2232 προεστεῶτας
524 2160 553 2214 ἒν
573 2160 642 2232 τῇσι
664 2156 773 2215 πόλισι·
804 2157 849 2215 καὶ
869 2157 973 2235 ταχέως

174 2243 265 2319 σφέας
291 2243 468 2320 παραδώσειν
494 2242 545 2319 τὴν
575 2243 742 2320 ἐλευθερίην·
769 2244 840 2322 μηδὲ
866 2244 973 2304 α’νακιν-

174 2331 293 2391 δυνεύειν
319 2331 551 2408 συμβάλλοντας.
592 2331 692 2390 τούτου
715 2332 766 2408 μέν
790 2359 838 2392 νυν
860 2331 878 2409 ἦ
903 2331 972 2408 αῦτη

175 2420 279 2500 ε’γίνετο
293 2420 338 2478 καὶ
351 2420 484 2494 Θηβαίων
496 2417 601 2500 γνώμη,
621 2419 656 2482 ῶς
673 2418 833 2496 προειδότος
846 2423 934 2480 πλεῦν
946 2446 973 2480 τι
994 2487 1002 2498 ι

174 2509 220 2566 καὶ
238 2507 346 2567 τούτου·
367 2507 528 2584 Μαρδονίου
546 2507 575 2566 δὲ
594 2508 760 2586 ι’σχυροτέρη
777 2534 808 2568 τε
828 2509 873 2568 καὶ
886 2507 972 2590 άγνω-

174 2597 336 2674 μονεστέρη,
351 2597 398 2656 καὶ
410 2595 536 2673 οὐδαμῶς
549 2597 806 2678 συγγινωσκομένη·
825 2597 929 2657 δοκέειν
942 2622 972 2657 τε
1050 2603 1054 2609 ’

163 2684 228 2764 ’γὰρ
244 2688 344 2763 πολλῷ
361 2685 503 2762 κρέσσονα
522 2684 591 2744 εἶναι
608 2684 659 2760 την
677 2685 818 2762 σφετέρην
838 2685 973 2763 στρατιήν

174 2775 225 2848 τῆς
236 2772 412 2849 Ἑλληνικῆς,
428 2771 610 2850 συμβάλλειν
627 2799 658 2832 τε
676 2773 728 2850 τήν
742 2774 889 2852 ταχίστην,
903 2774 973 2851 μηδὲ

175 2865 307 2937 περιορᾶν
320 2862 544 2942 συλλεγομένους
558 2862 597 2922 ἔτι
609 2864 731 2924 πλεῦνας
745 2865 800 2922 τῶν
818 2866 974 2940 συλλελεγ-

174 2948 272 3023 μένων·
292 2947 371 3008 τότε
384 2949 496 3029 σφάγια
508 2949 544 3008 τοὶ
556 2948 787 3030 Ἡγησιστράτου
798 2953 846 3008 ἐᾶν
858 2949 973 3026 χαίρειν·
997 2966 999 2972 ’

175 3036 245 3113 μηδὲ
258 3037 417 3112 βιάζεσθαι,
427 3037 505 3096 α’λλά
517 3036 593 3116 νόμῳ
604 3041 644 3116 τῷ
657 3037 791 3113 Περσέων
803 3036 974 3116 χρεωμένους

176 3124 367 3200 συμβάλλειν.
407 3123 514 3186 Τοῦτου
527 3125 556 3185 δὲ
573 3123 644 3186 οὕτω
659 3125 826 3187 δικαιεῦντος
843 3123 1021 3204 άντέλεγε42

176 3211 273 3283 οὐδεὶς,
287 3213 360 3273 ὥστε
373 3212 484 3290 ἐκράτεε
499 3217 535 3292 τῇ
549 3212 656 3294 γνώμῃ·
677 3211 710 3272 τό
728 3211 783 3293 γάρ
804 3210 903 3288 κράτος
917 3210 974 3288 εἶχε

175 3305 226 3376 τῆς
240 3306 374 3378 στρατιῆς
392 3299 472 3365 οὗτος
493 3305 523 3360 ἐκ
546 3301 694 3377 βασιλέος,
715 3298 780 3357 ἀλλ’
803 3298 852 3358 οὐκ
875 3297 974 3376 Ἀρτά-

187 3381 289 3436 ῙΙ--24
