2276 3538
160 128 234 191 ι-ι]
467 127 651 177 nomm.
917 130 961 176 119

109 281 111 286 Ι
158 205 203 266 ὅτι
216 207 383 286 νομιζόμενα
397 208 439 282 εἴη
453 205 523 283 πρός
533 206 641 266 πάντων
656 206 806 283 ἀνθρώπων
814 207 864 267 τόν
873 233 958 284 πρεσ-

157 293 284 372 βύτατον
300 295 351 372 τήν
368 294 459 373 ἀρχὴν
478 296 560 373 ἔχειν·
581 294 687 372 Ξέρξης
707 294 745 364 δὲ,
767 293 803 357 ὥς
817 293 961 373 Ἀτόσσης

157 407 189 442 τε
202 387 268 445 παῖς
283 383 324 459 εἴη
337 388 387 460 τῆς
402 383 496 458 Κύρου
514 381 651 463 θυγατρός
665 382 710 440 καὶ
724 380 768 443 ὅτι
781 387 875 460 Κίρος
889 382 960 460 εἴηὸ

159 469 334 548 κτησόμενος
347 476 423 530 τοῖσι
438 472 571 549 Πέρσησι
581 470 632 546 τὴν
643 470 810 546 ἐλευθερίην.
841 474 960 548 Δαρείου
975 475 992 531 3

158 557 188 618 δὲ
210 558 259 617 ούκ
281 559 515 635 ἀποδεικνυμένου
537 585 574 616 κω
594 558 714 638 γνώμην,
737 556 869 639 ἐτύγχανε
891 558 960 618 κατα

158 645 245 706 τώυτό
258 648 385 707 τούτοισι
398 649 444 706 καὶ
458 646 627 724 Δημάρητος
640 645 656 706 ό
673 646 842 723 Ἀρίστωνος
860 645 960 722 αἶναβε-

157 735 253 810 βηκῶς
281 742 308 799 ε’ς
336 739 441 806 Σοῦσα,
464 735 646 814 ἐστερημένος
669 761 700 793 τε
720 739 770 811 τῆς
794 739 822 794 ε’ν
845 734 960 814 Σπάρτη

157 824 314 900 βασιληίης
332 826 377 883 καὶ
397 824 490 905 φυγήν
510 823 655 899 ε’πιβαλιδν
672 827 759 903 ἑωυτῷ
780 829 810 882 ἐκ
828 823 961 883 Λακεδαί-

158 937 252 987 μονος·
279 911 358 976 οὗτος
380 908 451 990 ίύνηρ
473 906 628 988 πυθόμενος
648 916 703 971 τῶν
720 912 839 988 Δαρείου
856 912 961 971 παίδων

158 999 210 1074 τήν
231 1001 377 1078 διαφορήν,
403 1001 499 1069 ε’λθών,
524 999 560 1062 ιύς
580 999 598 1074 ἡ
621 999 704 1074 φαίτις
721 1026 770 1076 μιν
786 1001 851 1078 ἔχει,
870 1001 960 1078 Ξέρξη

160 1089 347 1162 συνεβούλευε
361 1091 454 1170 λέγειν
467 1087 536 1165 πρός
549 1091 625 1146 τοῖσι
639 1088 717 1168 ἔλεγε
730 1089 818 1156 ἔπεσι,
830 1087 865 1151 ὦς
879 1087 960 1151 αύτός

158 1177 211 1250 μὲν
229 1179 337 1255 γένοιτο
358 1177 465 1255 Δαρείῳ
482 1175 535 1251 ἤδη
553 1175 737 1250 βασιλεύοντι
756 1176 801 1232 καὶ
818 1175 909 1254 ἔχοντι
925 1173 959 1235 τό

161 1264 294 1339 Περσέων
310 1267 417 1342 κρότος·
437 1263 649 1340 ίΑρταβαζόνης
667 1263 696 1320 δὲ
715 1265 754 1322 ἔτι
776 1262 869 1340 ἰδιώτῃ
888 1262 960 1322 ε’όντι

160 1352 279 1430 Δαρείῳ·
309 1353 394 1412 σύκων
419 1352 474 1411 οὔτ’
497 1350 571 1413 οἶκός
593 1351 634 1426 εἴη
655 1348 717 1409 ούτε
741 1351 846 1409 δίκαιον
869 1349 960 1410 ἄλλον

159 1439 221 1498 τινὰ
244 1438 276 1500 τό
299 1442 381 1521 γέρας
406 1443 477 1520 ἔχειν
499 1439 554 1517 πρό
583 1441 693 1498 ε’ωυτοῦ’
724 1439 786 1497 ε’πεί
804 1464 837 1520 γε
861 1439 906 1498 καὶ
931 1443 959 1500 ἒν

160 1527 283 1606 Σπάρτη,
307 1530 360 1605 ἔφη
381 1529 397 1588 ὁ
418 1529 587 1606 Δημάρητος
607 1526 812 1603 ὑποτιθέμενος,
829 1525 899 1586 ούτω
916 1553 958 1586 νο-

158 1615 297 1690 μίζεσθαι,
317 1615 351 1691 ἢν
370 1621 396 1676 αί
409 1620 460 1694 μὲν
483 1614 683 1697 προγεγονότες
703 1617 767 1674 ἔωσι
787 1616 852 1692 πρὶν
872 1615 890 1690 ἢ
910 1615 960 1675 τόν

159 1705 265 1780 πατέρα
279 1706 375 1779 σφέων
388 1707 573 1781 βασιλεῦσαι·
595 1703 611 1762 ό
625 1703 654 1761 δὲ
667 1703 851 1778 βασιλεύοντι
863 1703 959 1784 ὀψίγο-

160 1817 205 1853 νος
229 1793 395 1873 ἐπιγένηται,
420 1797 470 1852 τοῦ
492 1793 686 1874 ἐπιγενομένου
707 1793 757 1868 την
782 1793 884 1862 ἔκδεξιν
909 1796 959 1864 τῆς

158 1880 315 1956 βασιληίης
327 1883 465 1961 γίνεσθαι.
494 1881 675 1961 χρησαμένου
689 1881 718 1938 δὲ
732 1881 839 1957 Ξέρξεω
852 1884 888 1958 τῇ
902 1888 958 1956 Δη-

157 1967 283 2043 μαρήτου
301 1967 437 2047 ύποθήκῃ,
451 1971 533 2050 γνούς
550 1969 566 2027 ό
585 1973 703 2044 Δαρεῖος
717 1967 751 2030 ὦς
764 1969 844 2048 λέγοι
857 1968 957 2039 δίκαια,

158 2055 286 2130 βασιλέα
298 2085 347 2134 μιν
360 2057 480 2127 ἀπέδεξε.
518 2059 605 2116 δοκέει
618 2057 648 2115 δέ
660 2083 709 2132 μοι
723 2057 769 2114 καὶ
783 2055 846 2114 ἄνευ
859 2055 959 2131 ταύτης

158 2146 209 2218 τῆς
221 2143 363 2222 ύποθήκης
371 2149 547 2222 βασιλεῦσαι
561 2143 593 2204 ἂν
606 2143 720 2220 Ξέρξης·
735 2142 752 2218 ἦ
766 2141 958 2223 γὰρ”Ατοσσα

159 2231 218 2310 εἶχε
230 2232 262 2292 τό
273 2239 329 2294 πᾶν
343 2235 450 2311 κράτος.
872 2285 875 2290 ·

199 2319 350 2391 Ἀποδέξας
369 2323 398 2381 δὲ
416 2323 543 2398 βασιλέα
562 2323 694 2399 Πέρσησι
714 2324 831 2397 Δαρεῖος
848 2322 989 2395 Ξέρξεα,4

159 2409 264 2485 ὅρμητο
282 2411 495 2488 στρατεύεσθαι·
517 2410 594 2468 ἀλλὰ
612 2409 667 2490 γὰρ
683 2407 755 2485 μετὰ
768 2408 855 2466 ταῦτα’
869 2435 899 2467 τε
913 2410 958 2467 καὶ

159 2497 301 2575 Αἰγύπτου
317 2498 477 2558 α’πόστασιν
497 2501 535 2576 τῷ
555 2499 661 2576 ύστέρῳ
676 2498 729 2556 ἔτεϊ
748 2497 956 2574 παρασκευαζό-

157 2610 241 2659 μενον
262 2587 404 2662 συνήνεικε
428 2586 512 2646 αύτὸν
537 2590 655 2662 Δαρεῖον
682 2586 896 2660 βασιλεύσαντα
923 2586 958 2646 τό

157 2671 248 2731 πάντα
268 2675 328 2733 ἔτεα
348 2676 377 2744 ἔξ
394 2701 424 2734 τε
444 2676 489 2732 καὶ
502 2673 658 2751 τριήκοντα,
675 2674 832 2743 α’ποθανεῖν,
850 2674 914 2734 ούδέ
931 2677 957 2732 οί

158 2761 296 2841 ἐξεγένετο
323 2763 385 2822 οὔτε
412 2765 476 2827 τούς
500 2763 676 2824 ἀπεστεῶτας
701 2764 867 2843 Αἰγυπτίους
895 2762 957 2822 οὗτε

157 2845 321 2925 Ἀθηναίους
339 2853 563 2928 τιμωρήσασθαι·
585 2851 772 2912 ἀποθανόντος
786 2852 814 2908 δὲ
829 2851 956 2926 Δαρείου,

156 2935 175 3012 ἡ
201 2939 343 3014 βασιληίη
371 2939 530 3018 ἀνεχώρησε
552 2944 579 3001 ές
599 2937 649 2998 τόν
672 2939 758 2996 παῖδα
781 2937 831 2996 τόν
855 2938 956 2995 ἐκείνου

157 3027 270 3101 Ξῲᾷα

196 3113 230 3172 ‘O
251 3116 343 3174 τοίνυν
364 3116 468 3190 Ξέρξης
485 3115 530 3171 ε’πὶ
547 3117 599 3192 μὲν
617 3115 668 3189 τὴν
686 3113 812 3172 Ἑλλάδα
833 3109 989 3184 ούδαμῶςῧ

156 3201 300 3278 πρόθυμος
313 3201 347 3275 ἦν
362 3201 419 3259 κατ’
435 3201 522 3278 ἀρχὰς
535 3202 746 3278 στρατεύεσθαι,
758 3201 802 3257 ε’πὶ
814 3199 843 3255 δὲ
854 3199 956 3276 Αἴγυπ-

157 3310 203 3343 τον
221 3289 344 3347 ἐποιέετο
364 3295 497 3363 στρατιῆς
513 3290 637 3369 ἄγερσιν·
652 3287 760 3364 παρεών
774 3287 803 3344 δὲ
818 3287 863 3344 καὶ
880 3286 955 3344 δυνό-
