2268 3536
153 151 262 217 59-63]
459 152 663 200 υυΡυῙΧοτΗ.
932 153 962 204 ιτ

152 233 270 314 ἰσχυρόν
290 233 323 294 οῦ
343 231 499 311 προεχώρεε
521 232 643 302 κάτοδος,
663 229 741 292 ἀλλὰ
761 230 955 308 προσέπταιον

151 321 280 401 μεγάλως
298 321 463 397 πειρώμενοι
483 323 604 380 κατιέναι
620 346 651 379 τε
669 321 714 378 καὶ
728 321 892 396 ἐλευθεροῦν
906 319 956 382 τός

151 408 279 484 Ἀθήνας,
298 410 465 488 Λειψύδριον
480 410 513 470 τό
532 409 602 486 ῦπέρ
621 409 755 484 Παιονίης
772 409 955 488 τειχίσαντες·

150 498 270 558 ἐνθαῦτα
284 501 310 558 οἱ
323 497 538 576 Ἀλκμαιωνίδαι
554 504 611 558 πᾶν
628 499 674 557 ἐπὶ
691 501 768 557 τοῖσι
783 504 955 575 Πεισιστρα·

150 586 244 664 τίδησι
264 587 467 666 μηχανώμενοι,
493 587 558 665 παρ’
582 584 795 664 Ἀμφικτυόνων
816 583 866 644 τόν
889 585 956 660 νηόν

148 676 318 748 μισθοῦνται
331 675 382 736 τόν
398 681 427 735 ἐν
444 681 598 751 Δελφοῖσι,
612 676 661 734 τόν
679 677 728 734 νῦν
744 673 826 734 ἐόντα
844 671 909 734 τότε
927 673 956 732 δὲ

149 762 230 832 οὔκω,
251 769 351 824 τοῦτον
372 765 597 842 ἐξοικοδομῆσαι·
628 764 674 822 οἶα
695 763 725 822 δὲ
748 761 899 842 χρημάτων
927 762 955 822 εῦ

149 850 262 926 ἥκοντες
278 853 325 910 καὶ
341 852 432 916 ἐόντες
448 852 544 929 ἄνδρες
561 851 670 929 δόκιμοι
687 851 821 912 ἀνέκαθεν
840 851 888 922 ἔτι,
906 851 956 910 τόν

148 965 178 998 τε
192 940 259 1016 νηόν
273 941 462 1022 ἐξεργόσαπο
476 945 526 1000 τοῦ
540 942 765 1022 παραδείγματος
779 940 905 1010 κοίλλιον,
919 939 955 1000 τό

149 1053 179 1085 τε
193 1027 271 1086 ἄλλα
284 1030 331 1088 καὶ
344 1031 527 1110 συγκειμένου
547 1036 603 1104 σφι
622 1030 741 1106 πωρίνου
758 1030 839 1088 λίθου
853 1030 955 1089 ποιέειν

150 1113 199 1172 τόν
220 1115 295 1190 νηόν,
310 1118 419 1192 Παρίου
440 1117 476 1176 τὰ
497 1119 656 1193 ἔμπροσθεν
673 1117 757 1176 αὐτοῦ
777 1118 953 1192 ἐξεποίησαν.

151 1199 200 1262 Ὡς
217 1199 254 1259 ὧν
271 1201 304 1276 δὴ
322 1205 349 1260 οἱ
363 1202 509 1278 Ἀθηναῖοι
526 1206 652 1286 λέγουσι,
669 1203 746 1266 οῦτοι
767 1209 792 1263 οἱ
811 1204 905 1281 ἄνδρες
927 1209 1000 1266 ἐν63

152 1292 299 1363 Δελφοῖσι
309 1289 458 1366 κατήμενοι
472 1290 617 1352 ἀνέπειθον
632 1292 684 1367 τήν
698 1293 808 1367 Πυθίην
818 1292 954 1369 χρήμασι,

150 1374 220 1439 ὅκως
242 1377 350 1436 ἔλθοιεν
371 1379 566 1454 Σπαρτιητέων
588 1377 682 1455 ἄνδρες
705 1381 758 1438 εἶτε
784 1380 841 1458 ἰδίῳ
861 1380 954 1459 στόλῳ

150 1464 204 1524 εἴτε
218 1464 344 1544 δημοσίῳ
354 1465 536 1544 χρησόμενοι,
548 1469 701 1543 προφέρειν
711 1475 767 1543 σφι
777 1467 829 1530 τοὶς
837 1467 955 1544 Ἀθήνας

149 1554 323 1631 ἐλευθεροῦν.
363 1554 580 1632 Λακεδαιμόνιοι
601 1556 645 1626 δὲ,
661 1555 696 1620 ιῦς
716 1563 772 1633 σφι
793 1558 846 1616 αἰεὶ
865 1556 952 1618 τωῦτό

148 1639 312 1716 πρόφαντον
329 1645 446 1723 ἐγένετο,
460 1648 605 1720 πέμπουσι
618 1643 803 1726 Ἀγχιμόλιον
820 1645 869 1706 τόν
886 1645 953 1708 Ἀσ-

148 1729 235 1806 τέρος,
251 1730 331 1790 ἐόντα
344 1735 399 1790 τῶν
418 1732 512 1792 οἷστοῖν
530 1732 618 1809 ἄνδρα
635 1733 757 1811 δόκιμον,
774 1734 827 1794 σῦν
841 1740 953 1815 στρατῷ

149 1817 285 1885 ἐξελῶντα
299 1821 535 1897 Πεισιστρατίδας
550 1823 580 1890 ἐξ
591 1821 738 1897 Ἀθηνέων,
750 1822 823 1900 ὅμως
837 1824 882 1884 καὶ
900 1823 952 1892 ξει-

148 1905 222 1969 νίους
241 1914 298 1983 σφι
322 1908 416 1971 ἐόντας
439 1910 475 1968 τό
497 1909 634 1986 μάλιστα·
666 1911 701 1970 τῦ
727 1911 782 1992 γοὶρ
810 1915 860 1970 τοῦ
886 1911 951 1970 θεοῦ

137 1994 330 2073 ’πρεσβύτερα
349 2001 489 2058 ἐποιεῦντο
509 1996 578 2074 ἢτιῦ
594 2003 650 2060 τιῦν
663 1999 778 2076 α’νδριῦν·
807 2001 952 2075 πέμπουσι

148 2080 178 2140 δέ
203 2083 316 2148 τούτους
338 2085 406 2144 κατᾶ
430 2084 582 2146 θάλασσαν
606 2089 745 2146 πλοίοισι.
800 2087 816 2147 ό
839 2089 891 2163 μὲν
917 2087 951 2162 δὴ

148 2171 283 2250 προσχιδν
297 2178 325 2236 ἐς
337 2173 478 2250 Φάληρον,
492 2175 544 2249 την
560 2174 696 2251 στρατιὴν
713 2175 854 2250 α’πέβησε·
877 2178 903 2234 οἱ
921 2175 950 2234 δέ

149 2261 382 2336 Πεισιστρατίδαι
391 2261 650 2338 προπυνθανόμενοι
660 2266 756 2330 ταῦτα,
768 2262 951 2323 ἐπεκαλέοντο

148 2349 179 2404 ἐκ
193 2350 356 2424 Θεσσαλίης
377 2350 545 2426 ἐπικουρίην·
568 2350 717 2424 ἐπεποίητο
731 2349 785 2429 γάρ
806 2355 861 2426 σφι
881 2377 950 2428 συμ-

146 2435 236 2513 μαχίη
257 2435 328 2512 πρός
350 2435 458 2499 αὐτούς·
489 2437 637 2496 Θεσσαλοὶ
660 2437 691 2496 δέ
714 2445 770 2514 σφι
795 2438 951 2516 δεομένοισι

147 2520 324 2602 ἀπέπεμψαν,
339 2528 416 2602 κοινῇ
426 2523 523 2606 γνώμῃ
537 2524 696 2606 χρεώμενοι,
711 2529 807 2606 χιλίην
820 2555 851 2586 τε
866 2529 950 2590 ἵππον

147 2611 194 2668 καὶ
208 2611 258 2672 τόν
275 2614 403 2688 βασιλέα
421 2612 469 2672 τόν
489 2615 631 2691 σφέτερον
652 2618 765 2692 Κινέην,
785 2616 871 2693 ἄνδρα
892 2624 949 2678 Κο-

146 2702 243 2759 νιαῖον·
272 2700 337 2764 τοῦς
358 2702 420 2760 ἐπεί
437 2729 469 2761 τε
490 2703 576 2782 ἔσχον
601 2703 769 2783 συμμάχους
797 2708 824 2768 οἶ
851 2712 949 2768 Πεισι-

145 2789 300 2863 στρατίδαι,
321 2790 494 2868 ἐμηχανέατο
507 2791 611 2850 τοιάδε·
631 2793 770 2870 κείραντες
782 2799 837 2855 τῶν
851 2800 945 2871 Φαλη-

144 2873 215 2950 ρέων
230 2875 263 2936 τό
282 2877 385 2950 πεδίον,
410 2880 456 2938 καὶ
477 2877 635 2955 ἱππάσιμον
659 2882 826 2957 ποιήσαντες
849 2887 948 2944 τοῦτον

144 2961 195 3022 τόν
224 2968 324 3042 χῶρον,
356 2971 461 3042 ἐπῆκαν
491 2972 529 3046 τῷ
560 2969 740 3050 στρατοπέδῳ
767 2971 819 3046 τὴν
852 2971 946 3032 ἵππον·

145 3054 311 3126 ἐμπεσοῦσα
341 3055 370 3114 δὲ
395 3055 534 3133 διέφθειρε
559 3055 664 3122 ἄλλους
690 3085 722 3118 τε
745 3057 871 3120 πολλοῦς
891 3062 946 3118 τῶν

143 3140 369 3218 Λακεδαιμονίων
397 3145 441 3204 καὶ
469 3144 503 3220 δὴ
525 3145 570 3204 καὶ
597 3145 645 3206 τόν
666 3145 860 3226 Ἀγχιμόλιον,
881 3145 946 3206 τοῦς

144 3227 175 3288 δέ
204 3233 431 3312 περιγενομένους
464 3233 553 3292 αῦτῦν
582 3238 609 3294 ἐς
635 3233 685 3294 τὰς
706 3234 769 3291 νέος
802 3231 945 3304 κατέρέαν·

144 3313 161 3376 ό
184 3318 237 3394 μὲν
261 3317 296 3395 δὴ
320 3323 430 3396 πρῶτος
453 3319 558 3381 στόλος
583 3324 613 3378 ἐκ
644 3315 851 3387 Λακεδαίμονος
877 3315 947 3374 οὕτω
