2276 3538
183 143 229 189 156
483 138 666 186 ἨΡΟΔΟΤΟΤ
901 140 976 202 [VII.

182 219 228 277 καὶ
240 216 387 294 Ἀθηνέων·
408 219 435 278 οἶ
448 216 477 277 δέ
490 217 546 276 άπά
559 216 714 294 Ἀρκαδίης·
736 218 763 277 οἶ
781 215 811 278 δὲ
827 215 884 278 α’πό
903 219 978 280 Κύθ-

132 313 135 318 ’
180 332 239 366 νου·
260 309 286 365 οἶ
308 306 338 365 δέ
357 304 414 366 άπό
436 307 573 381 Φοινίκης·
595 307 621 364 οἱ
641 305 670 364 δὲ
691 303 748 364 ἆπὸ
766 306 920 382 Αἰθιοπίης,
943 307 979 371 ὦς

180 393 259 452 αὐτοὶ
275 393 397 470 Κύπριοι
417 394 544 473 λέγουσι.
587 394 702 455 Κιλικες
720 393 749 451 δὲ
767 392 864 453 έκατόν
884 395 978 472 παρεί-

180 508 265 561 χοντο
286 482 357 544 νέας·
384 479 461 541 οὗτοι
482 480 505 539 δ’
528 479 562 540 αὖ
584 481 648 557 περὶ
668 483 719 556 μὲν
742 483 810 558 τῇσι
834 486 979 560 κεφαλῇσι

134 572 170 629 91
184 570 283 647 κράνεα
307 568 448 648 ἐπιχώρια,
472 567 592 642 λαισήϊά
616 593 647 627 τε
674 567 749 646 εἶχον
775 566 832 628 ἀντ’
854 567 979 631 άσπίδιιν

181 657 326 734 ὠμοβοέης
347 658 528 732 πεποιημένα,
550 656 596 714 καὶ
620 657 735 718 κιθῶνας
758 656 885 731 εἰρινέους
909 658 978 716 ε’νδε·

181 745 300 808 δυκότες·
322 744 370 804 δύο
391 744 420 802 δὲ
442 743 555 804 άκόντια
579 744 696 806 ἕκαστος
719 744 765 802 καὶ
788 745 870 818 ξίφος
894 744 977 823 εἶχον,

181 833 327 913 ἀγχοτάτω
345 835 412 910 τῇσι
431 832 602 911 Αἰγυπτίῃσι
619 831 776 909 μαχαίρῃσι
796 833 977 907 πεποιημένα.

182 918 260 980 οὗτοι
279 923 331 997 μὲν
350 919 383 979 τά
404 919 525 979 παλαιόν
537 919 688 998 Ὑπαχαιοὶ
708 919 864 977 ἐκαλέοντο·
885 920 931 977 ε’πὶ
948 921 977 978 δὲ
1036 925 1038 929 ’

181 1010 299 1072 Κίλικος
316 1011 366 1068 τοῦ
386 1006 546 1087 Ἀγήνορος,
564 1006 662 1084 άνδρός
674 1007 807 1076 Φοίνικος,
821 1006 905 1085 έσχον
925 1007 977 1083 τήν

181 1097 345 1173 ἐπωνυμίην.
387 1095 546 1171 Πάμφυλοι
574 1095 604 1154 δὲ
632 1094 778 1170 τριήκοντα
811 1095 977 1173 παρείχοντο

179 1187 242 1247 νέας
253 1184 446 1261 Ἑλληνικοῖσι
460 1182 576 1242 ὅπλοισι
590 1183 798 1258 ἐσκευασμένοι·
813 1184 840 1241 οἱ
853 1182 882 1241 δὲ
896 1182 976 1259 Πάμ-

180 1278 267 1346 φυλοι
288 1271 365 1333 οὗτοι
387 1272 442 1331 εἶσὶ
463 1274 518 1332 τῶν
540 1276 570 1329 έκ
591 1271 690 1347 Τροίης
711 1269 976 1330 ἀποσκεδασθέντων

133 1361 238 1438 92άμα
258 1360 427 1440 Ἀμφιλόχῳ
449 1360 494 1418 καὶ
517 1359 675 1437 Κάλχαντι.
716 1356 815 1416 Λύκιοι
836 1357 865 1416 δὲ
883 1361 976 1436 παρεί-

178 1475 264 1528 χοντο
285 1451 347 1512 νέας
365 1446 545 1522 πεντήκοντα,
566 1445 758 1522 θωρηκοφόροι
775 1471 806 1504 τε
825 1445 914 1510 ε’όντες
932 1448 976 1506 καὶ

180 1537 390 1613 κνημιδοφόροι·
413 1535 488 1612 εἶχον
507 1535 536 1592 δὲ
556 1534 625 1603 τόξα
648 1534 781 1609 κρανέϊνα,
803 1535 848 1592 καὶ
866 1534 977 1598 ὁῖστοῦς

180 1625 348 1699 καλαμίνους
362 1622 497 1699 ἀπτέρους
511 1623 557 1680 καὶ
570 1621 692 1680 άκόντια·
714 1622 759 1680 ε’πὶ
773 1621 809 1693 δὲ,
826 1622 903 1702 αἶγάς
919 1623 976 1700 δέρ-

178 1737 254 1788 ματα
278 1711 341 1787 περὶ
364 1709 428 1772 τούς
452 1707 540 1785 ὤμους
564 1709 742 1786 αἰωρεύμενα·
771 1709 835 1786 περὶ
858 1710 887 1768 δὲ
910 1714 976 1788 τῇσι

180 1803 324 1876 κεφαλῇσι
340 1797 440 1860 πίλους
453 1801 582 1874 πτεροῖσι
597 1798 912 1874 περιεστεφανωμένους
934 1804 976 1880 ἐγ.
998 1849 1000 1852 ,

178 1886 296 1965 χειρίδια
310 1886 339 1945 δὲ
354 1886 399 1943 καὶ
414 1885 536 1961 δρέπανα
554 1885 636 1964 εἶχον.
680 1885 778 1945 Λύκιοι
800 1886 828 1945 δὲ
841 1887 976 1963 Τερμίλαι

180 1975 336 2044 ἐκαλέοντο,
352 1979 382 2032 έκ
397 1972 511 2049 Κρήτης
530 1972 685 2054 γεγονότες·
707 1975 752 2033 ε’πὶ
772 1974 801 2032 δὲ
815 1973 908 2034 Λύκου
927 1983 976 2034 τοῦ

179 2063 341 2134 Πανδίονος,
356 2060 454 2140 άνδρός
468 2060 625 2137 Ἀθηναίου,
640 2063 724 2140 ἔσχον
744 2062 795 2137 τήν
813 2064 976 2139 ἐπωνυμίην.

132 2153 169 2210 93
182 2152 300 2229 Δωριέες
319 2151 349 2210 δὲ
368 2154 394 2210 οἱ
414 2155 443 2208 ἐκ
461 2154 511 2225 τῆς
527 2149 626 2224 Ἀσίης
647 2149 794 2224 τριήκοντα
812 2151 977 2228 παρείχοντο

179 2242 249 2309 νέας,
264 2240 373 2319 ἔχοντές
385 2265 416 2298 τε
429 2237 583 2314 Ἑλληνικά
601 2237 678 2295 ὅπλα
697 2238 742 2296 καὶ
759 2237 904 2318 γεγονότες
921 2237 977 2298 άπό

179 2327 407 2402 Πελοποννήσου.
452 2330 545 2402 Κᾶρες
559 2326 588 2383 δὲ
603 2324 796 2401 ἑβδομήκοντα
812 2327 977 2405 παρείχοντο

178 2416 248 2487 νέας,
271 2415 307 2473 τά
327 2416 379 2489 μὲν
400 2412 477 2472 ἄλλα
497 2411 619 2489 κατάπερ
639 2411 778 2488 Ἕλληνες
800 2414 976 2490 ἐσταλμένοι·

180 2502 256 2580 εἶχον
270 2502 299 2559 δὲ
313 2502 359 2559 καὶ
372 2501 493 2577 δρέπανα
508 2501 553 2558 καὶ
570 2501 725 2580 ε’γχειριῦια.
770 2498 847 2560 οὗτοι
865 2501 894 2559 δὲ
912 2502 977 2561 οἵτι-

179 2615 222 2650 νες
248 2588 383 2663 πρότερον
414 2588 570 2656 ἐκαλέοντο,
599 2593 628 2646 έν
654 2591 730 2646 τοῖσι
758 2587 895 2664 πρώτοισι
923 2594 977 2648 τῶν

178 2676 271 2756 λόγων
294 2677 406 2752 εἴρηται.
444 2673 537 2738 Ἰωνες
555 2676 584 2733 δὲ
603 2675 700 2734 έκατὸν
718 2676 780 2737 νέας
800 2675 976 2752 παρείχοντο,

132 2768 169 2824 94
181 2763 380 2840 ἐσκευασμένοι
408 2761 444 2826 αἷς
466 2762 613 2838 Ἕλληνες.
651 2761 743 2825 Ἴωνες
770 2763 807 2832 δὲ,
830 2760 900 2822 ὅσον
925 2766 977 2838 μὲν

178 2852 279 2931 χρόνον
298 2857 326 2912 έν
340 2851 550 2931 Πελοποννήσῳ
569 2853 658 2910 οἴκεον
676 2850 728 2926 τήν
743 2845 792 2907 νῧν
807 2851 977 2926 καλεομένην

177 2941 314 3020 Ἀχαιίην,
329 2942 374 2999 καὶ
392 2940 458 3016 πρὶν
476 2938 494 3016 ἢ
509 2940 621 3000 Δάναόν
640 2966 670 2999 τε
689 2940 735 2998 καὶ
755 2941 862 3002 ...οὓθαν
883 2938 976 2998 άπικέ·

179 3031 247 3090 σθαι
269 3035 296 3092 ές
313 3028 543 3104 Πελοπόννησον,
562 3028 596 3090 ὥς
608 3027 748 3103 Ἕλληνες
768 3029 895 3109 λέγουσι,
915 3031 976 3084 ε’κα-

179 3119 277 3178 λέοντο
292 3118 441 3197 Πελασγοὶ
454 3118 609 3197 Αἰγιαλέες·
631 3117 676 3175 ε’πὶ
693 3116 722 3176 δὲ
736 3115 831 3178 Ἴωνος
843 3117 893 3174 τοῦ
906 3111 975 3175 Ξού-

132 3205 230 3264 95θου
245 3205 346 3268 Ἰωνες.
388 3209 535 3280 Νησιῶται
557 3205 586 3264 δὲ
609 3204 789 3264 έπτακαιθεκα
810 3201 976 3277 παρείχοντο

178 3295 247 3362 νέας,
262 3293 435 3371 ὠπλισμένοι
454 3293 489 3356 ὥς
501 3291 649 3368 Ἕλληνες·
672 3293 717 3351 καὶ
733 3295 816 3352 τοῦτο
831 3291 975 3365 Πελασγι-

1123 2557 1132 2628 ι
