2268 3536
204 164 238 209 ιι
496 149 697 214 mmmm
962 167 1003 230 [V.

201 238 395 324 Ἀρισταγόρῃ
417 243 446 303 δέ
462 245 614 304 συνέπιπτε
630 248 680 304 τοῦ
699 243 783 303 αὐτοῦ
799 245 902 323 χρόνου
918 246 1008 309 πάντα

205 334 292 388 ταῦτα
310 332 493 391 συνελθόντα.
537 332 704 408 ἐβουλεύετο
726 331 762 391 ὧν
780 333 852 409 μετά
869 338 924 394 τῶν
942 361 1007 394 στα-

206 421 334 489 σιωτέων,
346 421 468 498 ἐκφήνας
481 420 532 496 τήν
542 447 573 480 τε
587 424 687 480 ἑωυτοῦ
701 421 814 501 γνώμην
824 423 870 480 καὶ
883 423 919 482 τοὶ
932 425 1006 501 παρά

202 510 253 565 τοῦ
277 506 411 568 Ἱστιαίου
435 509 584 590 ἀπιγμένα·
613 513 639 568 οἱ
663 512 714 586 μὲν
739 508 773 584 δή
798 508 883 570 ἄλλοι
907 511 1006 577 πάντες

202 595 316 676 γνώμην
341 597 410 656 κατά
431 597 520 656 τώυτδ
545 597 718 673 ἐξεφέροντο,
741 597 900 662 κελεύοντες
923 599 1005 660 ἀπίσ-

202 687 316 744 τασθαι·
343 685 489 748 Ἑκαταῖος
510 686 539 745 δέ
560 685 575 745 ὁ
596 685 749 766 λογοποιὸς
769 689 866 763 πρῶτα
885 690 937 765 μέν
957 690 1004 750 οὐκ

203 774 234 830 ἐα
263 773 390 849 πόλεμον
418 775 540 848 βασιλέϊ
570 777 624 833 τῶν
653 774 788 850 Περσέων
819 773 1003 853 ἀναιρέεσθαι,

202 861 363 941 καταλέγων
376 860 411 920 τά
427 887 458 920 τε
475 863 553 920 ἔθνεα
567 861 659 921 πάντα
672 865 726 922 τῶν
739 861 809 942 ἦρχε
824 869 942 942 Δαρεῖος
960 868 1004 926 καὶ

200 947 251 1023 τήν
272 949 387 1026 δύναμιν
408 947 502 1008 αὐτοῦ·
525 951 588 1008 ἐπεί
606 976 636 1008 τε
658 951 687 1009 δέ
708 950 757 1010 οὐκ
777 952 876 1022 ἔπειθε,
893 952 1004 1030 δεύτερα

200 1037 390 1114 συνεβούλευε
406 1039 509 1097 ποιέειν
527 1037 596 1101 ὅκως
612 1038 775 1116 ναυκράτεες
788 1044 838 1116 τῆς
855 1041 1004 1118 θαλάσσης

200 1127 321 1186 ἔσονται·
344 1124 438 1189 ἄλλως
453 1127 506 1203 μέν
521 1153 568 1186 νυν
585 1126 712 1204 οὐδαμῶς
732 1129 786 1204 ἔφη
800 1130 891 1210 λέγων
908 1135 1004 1208 ἐνορᾶν

199 1214 334 1292 ἐσόμενον
354 1219 447 1275 τοῦτο·
472 1215 645 1276 ἐπίστασθαι
665 1217 720 1298 γάρ
745 1216 797 1292 τήν
818 1217 933 1294 δύναμιν
953 1219 1004 1292 τήν

199 1306 350 1381 Μιλησίων
365 1309 468 1365 ἐοῦσαν
481 1304 610 1366 α’σθενέα·
633 1309 657 1364 εἰ
671 1306 700 1364 δέ
714 1306 749 1365 τά
765 1305 897 1382 χρήματα
911 1331 1002 1363 καται-

197 1394 291 1469 ρεθείη
301 1392 336 1452 τά
352 1399 381 1452 ἐκ
395 1399 444 1454 τοῦ
460 1397 520 1470 ἱροῦ
530 1399 580 1454 τοῦ
594 1399 622 1452 ἐν
636 1394 813 1473 Βραγχίδῃσι
827 1392 862 1450 τά
877 1394 1002 1466 Κροῖσος

198 1479 318 1542 όΛυδός
335 1479 458 1555 ἀνέθηκε,
473 1481 585 1542 πολλάς
601 1481 658 1556 εἶχε
673 1480 787 1539 ἐλπίδας
804 1476 1000 1553 ἐπικρατήσειν

197 1573 247 1642 τῆς
268 1567 426 1642 θαλάσσης·
453 1568 498 1626 καὶ
520 1567 590 1625 οὕτω
611 1564 711 1628 αὐτούς
731 1591 761 1623 τε
783 1564 853 1632 ἐξειν
872 1564 1001 1643 χρήμασι

196 1656 322 1734 χρᾶσθαι
336 1655 381 1712 καὶ
397 1655 461 1718 τούς
478 1655 630 1730 πολεμίους
649 1653 681 1712 οὗ
699 1651 837 1728 συλήσειν
850 1652 930 1713 αύτά.
965 1655 1000 1714 τά

197 1743 226 1802 δὲ
241 1739 374 1822 χρήματα
389 1742 425 1819 ἧν
440 1747 529 1802 ταῦτα
545 1741 666 1822 μεγάλα,
682 1741 717 1804 ώς
735 1740 887 1816 δεδήλωται
904 1770 953 1820 μοι
972 1751 1001 1804 ἐν

195 1836 233 1910 τῷ
252 1830 352 1910 πρώτῳ
372 1836 426 1891 τῶν
446 1831 549 1910 λόγων.
591 1830 660 1906 αὕτη
681 1832 733 1907 μὲν
756 1829 789 1906 δή
813 1830 861 1890 οὐκ
886 1832 961 1891 ἐνίκα
982 1833 1001 1908 ή

194 1919 299 2000 γνώμη·
328 1919 418 1979 ἐδόκεε
439 1919 469 1978 δὲ
489 1917 563 1996 ὅμως
583 1920 768 1989 απίστασθαι,
792 1919 839 1980 ἐνα
858 1946 890 1978 τε
911 1919 1000 1980 αὐτῶν

195 2008 350 2068 πλώσαντα
371 2014 398 2072 ἐς
419 2007 553 2067 Μυοῦντα
574 2011 601 2070 ἐς
621 2008 653 2067 τό
674 2007 865 2085 στρατόπεδον
887 2007 920 2068 τό
942 2007 999 2068 άπὸ

193 2101 244 2173 τῆς
257 2097 354 2168 Νάξου
368 2097 501 2167 α’πελθὸν,
514 2097 559 2156 ἐὸν
573 2097 699 2167 ἐνθαῦτα,
711 2097 928 2173 συλλαμβάνειν
941 2123 998 2156 πει-

193 2188 299 2264 ρᾶσθαι
314 2188 379 2250 τούς
395 2187 511 2246 ἐπὶτῶν
529 2190 595 2246 νεών
614 2187 798 2248 ἐπιπλέοντας
814 2187 998 2267 στρατηγούς.

749 2273 899 2296 ‘'§n

147 2275 184 2335 37
193 2275 444 2354 Ἀποπεμφθέντος
458 2275 487 2335 δέ
499 2275 684 2355 Ἰητραγόρεω
698 2301 749 2333 κατ
769 2301 836 2332 αυτο
850 2300 941 2344 τουτο,
952 2277 999 2334 καὶ

194 2365 393 2440 συλλαβόντος
414 2365 487 2442 δόλῳ
506 2363 640 2423 Ὀλίατον
659 2362 827 2440 Ἰβανώλιος
847 2364 998 2432 Μυλασέα,

194 2453 240 2510 καὶ
248 2451 382 2511 Ἱστιαῖον
390 2453 502 2528 Τύμνεω
511 2453 660 2528 Τερμερέα,
671 2453 717 2510 καὶ
727 2449 811 2525 Κώην
819 2449 998 2527 ’[δρξάνδρεω,

193 2543 231 2618 τῷ
243 2543 360 2616 Δαρεῖος
374 2538 540 2614 Μυτιλήνην
551 2538 719 2615 ἐδωρήσατο,
732 2538 778 2598 καὶ
791 2537 999 2619 Ἀρισταγόρην

192 2627 381 2705 Ἡρακλείδεω
399 2631 536 2704 Κυμαῖον,
552 2627 597 2684 καὶ
613 2625 719 2688 ἄλλους
736 2625 864 2704 συχνούς,
880 2625 950 2686 οὕτω
964 2625 999 2702 δή

193 2720 223 2774 ἐκ
236 2720 289 2779 τοῦΙ
301 2716 439 2792 ἐμφανέος
453 2715 468 2774 ὁ
481 2708 687 2796 Ἀρισταγόρης
703 2714 868 2790 ἀπεστήκεε,
882 2718 939 2775 πᾶν
953 2716 999 2774 ἐπὶ

194 2805 302 2883 Δαρείῳ
320 2802 528 2883 μηχανώμενος.
563 2803 609 2861 καὶ
630 2807 726 2879 πρῶτα
746 2804 798 2878 μὲν
816 2801 892 2882 λόγῳ
908 2804 1000 2879 μετεὶς

192 2893 245 2968 τήν
264 2892 410 2969 τυραννίδα
432 2893 578 2969 ἰσονομίην
597 2892 686 2949 ἐποίεε
706 2895 742 2969 τῇ
763 2889 891 2968 Μιλήτῳ,
910 2890 946 2954 ώς
966 2889 1000 2951 ἂν

193 2979 299 3044 ἐκόντες
318 2979 391 3059 αύτῷ
410 2983 436 3039 οἱ
455 2979 597 3055 Μιλήσιοι
618 2978 851 3038 συναπισταίατο·
873 2978 944 3055 μετά
961 2979 999 3049 δὲ,

194 3069 240 3128 καὶ
258 3075 287 3128 ἐν
302 3074 338 3148 τῇ
352 3067 428 3146 άλλη
441 3067 531 3144 Ἰωνίη
544 3066 633 3126 τώυτδ
651 3070 735 3124 τοῦτο
752 3066 850 3135 ἐποίεε,
865 3066 930 3128 τούς
947 3070 1000 3144 μὲν

194 3157 346 3226 ἐξελαύνων
365 3160 420 3215 τῶν
439 3155 586 3232 τυράννων,
607 3153 673 3216 τούς
696 3153 718 3211 δ’
740 3155 829 3228 ἔλαβε
850 3154 1000 3231 τυράννους

143 3287 146 3292 -
193 3243 249 3304 άπὸ
266 3249 319 3303 τῶν
336 3247 404 3304 νεών
419 3245 474 3302 τῶν
489 3242 735 3317 συμπλευσασέων
753 3242 798 3300 ἐπὶ
817 3241 922 3311 Νάξον,
937 3243 1001 3301 τού·

191 3357 258 3394 τους
281 3331 310 3390 δὲ
334 3331 408 3404 φίλα
430 3329 610 3406 βουλόμενος
632 3329 778 3388 ποιέεσθαι
800 3332 869 3406 τῇσι
896 3327 1000 3392 πόλισι
