2276 3538
159 158 268 221 56-60]
476 157 661 207 ΠΟΛΤΜΝΙΑ.
916 161 960 208 147

159 239 265 315 μίζετο,
279 235 319 294 τά
337 236 458 311 ἔμπαλιν
478 235 616 311 πρήσσων
635 239 685 294 τοῦ
698 237 792 306 πεζοῦ·
813 236 894 313 ὁμὲν
906 237 961 318 γάρ

159 326 229 403 πρός
249 324 370 400 ἑσπέρην
391 323 472 381 ἔπλεε
491 324 536 382 ἐπὶ
554 323 745 400 Σαρπηδονίης
766 323 850 400 ἄκρης
870 323 961 384 ποιεύ-

159 441 241 490 μενος
255 412 307 488 τῆν
322 412 423 482 ἄπιξιν,
439 417 466 474 ἐς
479 411 530 487 τήν
550 412 623 490 αύτῷ
642 414 789 488 προείρητο
804 412 960 493 ἀπικομένῳ

160 503 324 579 περιμένειν·
346 500 362 560 ὁ
385 501 414 559 δὲ
437 501 494 560 κατ’
511 499 626 578 ἤπειρον
645 501 765 577 στρατός
782 500 852 576 πρός
871 501 912 575 ήῶ
929 529 960 562 τε

160 591 206 650 καὶ
226 589 309 664 ἡλίου
320 588 469 651 ,ἀνατολάς
491 590 613 650 ἐποιέετο
626 589 678 664 τήν
692 588 756 648 ὁδόν
770 588 814 648 διά
827 593 877 664 τῆς
890 595 960 665 Χεμ-

160 678 295 753 σονήσου,
311 683 339 736 ἐν
361 678 436 756 δεξιῇ
455 681 507 753 μὲν
528 680 596 756 ἐχων
613 677 662 739 τὸν
677 676 786 752 Ἕλλης
802 676 894 751 τάφον
911 682 961 752 τῆς

160 765 343 842 Ἀθάμαντος,
359 771 387 826 ἐν
406 765 539 844 ἀριστερῇ
560 767 589 826 δὲ
603 766 728 842 Καρδίην
743 764 836 834 πόλιν,
852 763 896 822 διά
910 765 958 840 μέ-

161 881 214 928 σης
229 855 257 912 δὲ
272 854 456 930 πορευόμενος
469 853 568 917 πόλιος
583 858 618 933 τῇ
640 853 744 930 ούνομα
763 853 894 935 τυγχάνει
916 852 961 913 ἐὸν

161 941 276 1022 Ἀγορή·
300 944 424 1002 ἐνθεῦτεν
445 943 474 1002 δὲ
496 943 627 1018 κάμπτων
646 942 695 1002 τόν
716 943 824 1002 κόλπον
840 942 889 1001 τόν
902 943 959 1001 Μέ-

161 1035 234 1090 λανα
261 1031 438 1107 καλεόμενον,
461 1033 506 1090 καὶ
527 1033 647 1090 Μέλανα
667 1032 801 1107 ποταμόν,
823 1029 873 1090 οὐκ
898 1030 960 1090 α’ντ-

162 1118 281 1196 ισχάντα
294 1118 358 1178 τότε
368 1123 404 1197 τῇ
412 1123 531 1196 στρατιῇ
540 1119 573 1178 τό
584 1120 696 1195 ῥέεθρον
710 1117 775 1177 ἀλλ’
787 1118 959 1188 ἐπιλιπόντα,

161 1211 260 1268 τοῦτον
280 1208 330 1266 τόν
352 1207 480 1284 ποταμόν
502 1206 604 1281 διαβάς
623 1205 676 1285 (ἐπ’
696 1203 728 1264 οὗ
750 1206 796 1263 καὶ
817 1204 832 1263 ό
856 1205 960 1268 κόλπος

162 1293 242 1358 οὗτος
259 1295 312 1370 την
334 1297 488 1372 ἐπωνυμίην
502 1296 570 1372 ἔχει)
588 1293 631 1367 ἤϊε
644 1293 714 1368 πμὸς
732 1294 860 1368 ἕσπέρην,
876 1293 960 1352 Αἶνόν

161 1410 191 1442 τε
213 1383 295 1444 πόλιν
310 1384 427 1444 Αἰολίδα
449 1384 495 1442 καὶ
510 1381 673 1457 Στεντορίδα
693 1381 795 1456 λίμνην
815 1381 958 1456 παρεξιών,

163 1478 189 1534 ἐς
203 1472 219 1530 ὃ
233 1471 347 1530 άπίκετο
362 1477 388 1534 ἐς
402 1472 553 1548 Δορίσκον.
590 1469 623 1528 ‘O
637 1468 666 1528 δὲ
681 1469 820 1548 Δορίσκος
835 1469 895 1528 ἐστι
908 1473 958 1544 τῆς
967 1471 1005 1529 59

162 1561 282 1636 Θρηίκης
296 1559 424 1640 αἰγιαλός
437 1586 468 1618 τε
482 1559 528 1617 καὶ
540 1559 636 1617 πεδίον
648 1559 730 1638 μέγα·
752 1556 809 1635 (διά
827 1557 856 1616 δέ
873 1556 959 1616 αύτοΰ

161 1649 216 1724 ῥέει
237 1647 363 1724 ποταμός
383 1649 469 1727 μέγας
484 1646 614 1726 Ἕβρος)
636 1652 664 1706 ἐν
677 1651 715 1725 τῷ
727 1645 820 1724 τεῖχός
837 1672 868 1705 τε
889 1646 959 1705 ἐδέδ-

162 1762 234 1811 μητο
254 1735 533 1811 βασιλήϊον-τοῦτο
556 1734 589 1794 τό
614 1734 647 1810 δή
667 1735 807 1811 Δορίσκος
829 1735 960 1809 κέκληται

161 1825 248 1882 -καὶ
276 1825 409 1900 Περσέων
436 1822 546 1900 φρουρὴ
571 1829 599 1882 ἐν
626 1823 698 1902 αύτῷ
718 1824 885 1898 κατεστήκεε
904 1823 959 1883 ύπδ

163 1913 281 1988 Δαρείου
303 1911 333 1980 ἐξ
351 1910 454 1970 ἐκείνου
472 1915 523 1970 τοῦ
541 1911 642 1989 χρόνου
660 1913 722 1972 ἐπεί
739 1937 769 1969 τε
788 1913 833 1970 ἐπὶ
850 1912 960 1975 Σκύθας

162 1998 352 2075 ἐστρατεύετο.
394 1999 469 2068 ἔδοξε
497 1997 533 2058 ὧν
558 2003 596 2077 τῷ
619 2000 709 2077 ’Ξέρξη
737 1998 752 2057 ὁ
775 2004 864 2076 χῶρος
892 1999 960 2058 εἶναι

162 2087 302 2162 ἐπιτήδεος
324 2087 479 2156 ἐνδιατάξαι
499 2113 530 2146 τε
551 2088 597 2144 καὶ
616 2087 800 2163 ἐξαριθμῆσαι
813 2086 862 2145 τόν
875 2113 958 2161 στρα-

160 2175 217 2234 τόν·
241 2177 286 2234 καὶ
301 2177 390 2234 ἐποίεε
402 2179 499 2234 ταῦτα.
540 2173 590 2236 τὰς
602 2177 653 2250 μὲν
667 2173 700 2248 δη
714 2175 776 2235 νέας
795 2174 845 2236 τὰς
865 2173 960 2236 πάσας

161 2262 329 2340 α’πικομένας
354 2268 381 2326 ἐς
403 2264 544 2339 Δορίσκον
566 2266 592 2320 οἱ
614 2261 755 2339 ναύαρχοι,
779 2261 960 2325 κελεύσαντος

161 2352 276 2426 Ξέρξεω,
292 2356 319 2414 ἐς
331 2350 381 2410 τόν
396 2351 525 2431 αἰγιαλόν
538 2351 587 2409 τόν
601 2351 744 2428 προσεχέα
758 2349 889 2429 Δορίσκῳ
902 2351 959 2410 ἐκό-

160 2464 257 2514 μισαν·
280 2445 308 2498 ἐν
322 2443 360 2516 τῷ
374 2439 454 2514 Σάλη
466 2465 497 2498 τε
512 2438 703 2514 Σαμοθρηῖκίη
716 2439 887 2498 πεπόλισται
908 2438 958 2498 πό-

160 2533 205 2590 λις
229 2529 274 2586 καὶ
297 2528 381 2602 Ζώνη,
404 2528 548 2586 τελευταία
571 2527 601 2584 δέ
622 2525 707 2585 αύτοῦ
730 2528 865 2603 Σέρρειον,
889 2526 959 2604 ἅκρη

161 2613 315 2692 ὀνομαστή·
338 2615 400 2674 6δέ
419 2619 509 2692 χῶρος
531 2611 611 2677 οὗτος
631 2613 664 2673 vo*
682 2614 805 2674 παλαιόν
824 2613 859 2690 ἦν
877 2616 959 2674 Κικό-

162 2729 221 2762 νων.
264 2709 291 2766 ἐς
303 2707 403 2762 τοῦτον
415 2702 465 2762 τόν
478 2701 607 2782 αἰγιαλόν
626 2702 821 2780 κατασχόντες,
835 2703 885 2766 τάς
898 2703 960 2766 νέας

161 2790 300 2870 ἀνέψυχον
319 2789 528 2853 ἀνελκύσαντες·
551 2789 566 2848 ὁ
580 2790 609 2850 δὲ
623 2796 652 2850 ἐν
665 2794 703 2868 τῷ
717 2792 847 2870 Δορίσκῳ
860 2796 960 2852 τοῦτον

161 2879 209 2937 τόν
225 2879 327 2955 χρόνον
341 2883 390 2953 τῆς
405 2881 538 2953 στρατιῆς
555 2877 674 2954 α’μιθμόν
695 2880 826 2938 ἐποιέετο.
860 2878 956 2942 ,Ὅσον
969 2878 1006 2936 60

161 2967 211 3041 μέν
232 2993 278 3024 νυν
299 2967 412 3025 ἕκαστοι
431 2970 565 3043 παρεῖχον
585 2968 695 3040 πλῆθος
716 2971 743 3028 ἐς
764 2966 889 3042 α’ριθμόν,
911 2966 959 3024 ούκ

161 3054 214 3132 ἔχω
236 3052 309 3110 εἶπαι
323 3053 355 3112 τό
369 3052 488 3128 ἀτρεκές·
511 3053 542 3112 ού
555 3053 610 3132 γὰρ
623 3054 736 3134 λέγεται
749 3053 818 3128 πρός
833 3051 960 3127 οὐδαμῶν

160 3139 321 3218 α’νθριύπων·
349 3140 510 3215 σύμπαντος
531 3141 560 3200 δὲ
583 3145 632 3200 τοῦ
657 3145 780 3216 στρατοῦ
802 3143 852 3197 τοῦ
876 3141 960 3209 πεζοῦ

161 3229 193 3289 τό
212 3229 322 3304 πλῆθος
339 3228 428 3303 ἐφάνη
443 3228 635 3303 ἐβδομήκοντα
650 3229 695 3284 καὶ
709 3227 807 3285 ἑκατόν
820 3226 955 3303 μυριάδες.

162 3317 352 3394 ἐξηρίθμησαν
370 3315 399 3374 δὲ
420 3315 498 3374 τόνδε
510 3315 559 3375 τόν
573 3315 686 3392 τρόπον·
708 3314 911 3394 συναγαγόντες
932 3321 959 3379 ἐς
