2262 3534
193 187 240 236 336
495 185 678 234 ἨΡΟΔΟΤΟΤ
920 186 980 249 [IX‘.

187 269 214 328 ἐς
231 265 289 322 πᾶν
302 260 357 339 ἤδη
374 265 460 322 κακοῦ
476 261 624 344 ἀπιγμένοι
640 261 724 338 ἦσαν,
743 261 813 322 οὕτω
832 263 905 322 ὥστε
920 265 984 329 τοῦς

186 352 281 414 τόνους
302 352 415 429 ἕψοντες
434 355 489 410 τῶν
509 353 622 412 κλινέων
643 352 794 411 ἐσιτέοντο·
822 353 885 411 ἐπεί
902 379 933 412 τε
955 354 984 413 δέ

186 439 249 499 οῦδὲ
268 443 355 500 ταῦτα
376 441 415 499 ἔτι
436 439 520 518 εἶχον,
537 439 607 499 οὕτω
644 439 734 517 ἦύπδ
755 439 839 500 νύκτα
860 441 985 520 οἴχονται

186 527 354 606 ἀποδράντες
376 529 454 587 οἵτε
476 529 587 605 Πέρσαι
609 529 654 587 καὶ
675 527 691 588 ό
712 528 882 606 Ἀρταΰκτης
902 529 947 589 καὶ
967 530 984 591 ό

188 616 336 694 Οἰόβαζος,
351 615 452 676 ὄπισθε
465 620 515 676 τοῦ
527 617 633 696 τείχεος
647 617 818 693 καταβάντες
831 623 866 696 τῇ
879 617 913 693 ἧν
924 624 984 696 ἐρη-

185 705 308 783 μότατον
331 710 386 764 τῶν
409 706 559 781 πολεμίων·
593 704 628 767 ὦς
649 705 678 764 δέ
698 705 789 782 ἡμέρη
814 707 929 786 ἐγένετο,
958 712 983 767 οἱ

188 798 395 872 Χερσονησῖται
409 792 465 852 άπδ
474 796 529 852 τῶν
538 792 651 874 πύργων
661 794 803 872 ἐσήμηναν
816 798 891 854 τοῖσι
900 793 983 872 Ἀθη-

186 884 289 942 ναίοισι
302 882 335 942 τό
348 881 462 963 γεγονός
476 881 523 940 καὶ
536 881 586 944 τάς
598 882 689 946 πύλας
705 881 825 952 ἄνοιξαν
834 871 901 942 ’τῶν
914 883 943 941 δὲ
958 887 985 942 οἱ

141 971 195 1029 119
205 972 256 1045 μὲν
273 974 389 1033 πλεῦνες
412 971 530 1039 ἐδίωκον,
546 973 573 1028 οῑ
586 970 616 1029 δὲ
629 970 680 1045 την
692 970 777 1030 πόλιν
791 971 876 1050 εἶχον.
919 970 984 1030 Οἷό-

184 1059 275 1134 βαζον
292 1059 344 1136 μέν
361 1084 409 1118 νυν
432 1057 588 1138 ἐκφυγόντα
608 1064 634 1120 ἐς
654 1058 705 1134 τὴν
727 1059 850 1134 Θρηίκην
868 1057 984 1135 Θρήϊκες

184 1144 324 1224 Ἀψίνθιοι
350 1146 488 1222 λαβόντες
517 1147 619 1206 ἔθυσαν
649 1147 821 1225 Πλειστώρῳ
849 1148 984 1226 ἐπιχωρίῳ

186 1235 246 1315 θεῷ,
260 1235 353 1315 τρόπῳ
366 1240 404 1314 τῷ
419 1235 557 1314 σφετέρῳ·
577 1234 642 1298 τοῦς
658 1235 688 1294 δέ
706 1233 765 1311 μετ’
780 1236 890 1304 ἐκείνου,
904 1233 984 1314 ἄλλῳ

185 1323 278 1403 τρόπῳ
293 1323 456 1399 ἐφόνευσαν·
478 1325 505 1382 οἱ
524 1323 554 1382 δὲ
569 1322 644 1401 α’μφὶ
659 1322 708 1384 τόν
720 1323 892 1400 Ἀρταύκτην
904 1323 984 1383 ῦστε-

186 1437 231 1488 ροι
244 1411 410 1490 ὁρμηθέντες
424 1412 545 1494 φεύγειν,
557 1411 602 1470 καὶ
617 1412 651 1474 ὦς
665 1411 912 1488 κατελαμβάνοντο
925 1410 983 1471 όλί-

184 1525 231 1580 γοι
245 1499 333 1562 ἐόντες
350 1499 419 1577 ῦπέρ
439 1499 524 1580 Αἷγδς
544 1502 691 1576 Ποταμῶν,
707 1499 870 1575 ἀλεξόμενοι
883 1499 984 1578 χρόνον

185 1587 230 1645 ἐπὶ
249 1587 361 1666 συχνόν,
378 1589 470 1664 οἱμὲν
487 1587 626 1646 ἀπέθανον
640 1587 709 1646 οἶδὲ
723 1588 820 1657 ζῶντες
838 1587 983 1663 ἐλάμφθη-

185 1699 249 1733 σαν·
271 1675 317 1732 καὶ
344 1674 532 1750 συνδήσαντές
551 1681 643 1750 σφεας
664 1678 690 1734 οἱ
705 1673 844 1751 Ἕλληνες
867 1673 935 1756 ἦγον
953 1683 981 1741 ἐς

185 1763 306 1838 Σηστόν·
332 1762 392 1839 μετ’
414 1763 503 1823 αὐτῶν
541 1766 553 1820 ἐ
574 1764 619 1822 καὶ
639 1762 812 1842 Ἀρταύκτην
833 1763 983 1839 δεδεμένον,

139 1852 196 1910 120
205 1849 287 1910 αύτόν
299 1877 331 1911 τε
345 1850 390 1910 καὶ
400 1849 450 1912 τόν
460 1851 546 1910 παῖδα
556 1850 650 1910 αὐτοῦ.
680 1852 741 1910 Καί
747 1877 799 1931 τεῳ
808 1855 862 1911 τῶν
873 1855 983 1926 φυλασ-
1052 1862 1059 1868 “

185 1964 291 1999 σοντων
311 1939 424 2020 λέγεται
443 1939 497 1999 ύπὸ
522 1940 762 2016 Χερσονησιτέων,
783 1940 912 2016 ταρίχους
934 1939 982 1998 ὄπ-

184 2030 265 2086 τῶντι
287 2029 368 2106 τέρας
388 2028 520 2109 γενέσθαι
543 2027 658 2088 τοιόνδε·
688 2031 715 2086 οἱ
736 2025 845 2106 τάριχοι
873 2026 919 2084 ἐπὶ
945 2031 983 2106 τῷ

184 2116 251 2192 πυρὶ
269 2117 388 2193 κείμενοι
407 2114 565 2175 ἐπάλλοντό
578 2141 609 2176 τε
623 2116 669 2174 καὶ
681 2115 830 2192 ἤσπαιρον,
844 2113 913 2178 ὅκως
930 2139 983 2192 περ

186 2202 277 2280 ἰχθύες
290 2203 449 2264 νεοάλωτοι·
469 2204 514 2262 καὶ
529 2207 555 2262 οἱ
568 2206 619 2280 μέν
629 2204 820 2282 περιχυθέντες
834 2201 984 2277 ἐθώμαζον·

185 2290 201 2350 ό
247 2295 259 2350 ὲ
284 2291 454 2368 Ἀρταύκτης
477 2291 513 2354 οἷς
541 2291 594 2350 εἶδε
616 2290 648 2350 τό
672 2291 761 2367 τέρας,
786 2291 910 2352 καλέσας
935 2291 984 2350 τόν

184 2377 312 2440 ὀπτῶντα
329 2378 394 2442 τοῦς
406 2380 537 2457 ταρίχους
551 2380 614 2454 ἔφη·
637 2389 654 2414 “
663 2379 733 2448 ξεῖνε
746 2377 986 2454 Ἀθηναῖε,μηδέν

186 2467 279 2542 φοβέο
303 2468 336 2526 τό
355 2467 435 2544 τέρας
456 2470 548 2526 τοῦτο·
579 2465 611 2524 ού
632 2466 687 2547 γάρ
706 2465 754 2525 σοὶ
772 2467 891 2543 πέφηνε·
929 2463 936 2482 ’
976 2464 984 2484 ’

184 2555 246 2631 ἐμοὶ
270 2555 400 2630 σημαίνει
427 2553 443 2614 ό
471 2559 499 2614 ἐν
524 2553 683 2614 Ἐλαιοῦντι
710 2554 918 2630 Πρωτεσίλεως,
942 2550 985 2611 ότι

187 2643 233 2700 καὶ
246 2641 361 2705 τεθνεός
375 2641 420 2700 καὶ
437 2641 552 2720 τάριχος
566 2641 615 2700 ἐιῦν
630 2641 744 2718 δύναμιν
763 2639 833 2717 πρός
847 2641 915 2700 θεῶν
929 2640 986 2718 ἔχει

183 2727 234 2788 τόν
247 2728 391 2789 α’δικέοντα
403 2729 538 2789 τίνεσθαι·
553 2734 601 2791 νῦν
615 2728 652 2789 ὧν
666 2728 768 2790 ἄποινά
781 2732 808 2787 οἱ
820 2726 885 2788 τάδε
898 2727 985 2786 ἐθέλω

139 2823 151 2878 ’,
187 2818 330 2877 ἐπιθεῖναι·
358 2815 419 2877 ἀντὶ
441 2820 492 2894 μέν
510 2816 660 2896 χρημάτων
680 2821 736 2877 τῶν
757 2817 863 2892 ἔλαβον
884 2820 914 2872 ἐκ
935 2814 985 2873 τοῦ

186 2908 254 2982 ἶροῦ,
277 2904 374 2966 ἐκατόν
395 2904 519 2965 τάλαντα
544 2906 702 2964 καταθεῖναι
722 2909 760 2983 τῷ
784 2905 845 2982 θεῷ·
877 2901 938 2961 α’ντὶ
962 2900 986 2960 δ’

186 2998 322 3070 ἐμεωυτοῦ
336 2992 445 3054 καὶτοῦ
458 2992 556 3056 παιδός
569 2990 705 3052 άποδοίσω
719 2991 843 3052 τάλαντα
857 2989 987 3064 διηκόσια

185 3077 368 3157 Ἀθηναίοισι,
400 3078 635 3160 περιγενόμενος.”
676 3083 763 3138 ταῦτα
787 3077 985 3155 ὑπισχόμενος,

184 3167 235 3227 τόν
248 3167 407 3248 στρατηγόν
420 3167 583 3230 Ξάνθιππον
598 3165 646 3224 οῦκ
661 3167 760 3225 ἔπειθε·
783 3169 809 3223 οἱ
822 3165 878 3245 γάρ
892 3165 986 3224 Ἐλαι-

186 3254 278 3314 ούσιοι
290 3259 328 3333 τῷ
342 3255 530 3332 Πρωτεσίλεῳ
538 3253 717 3330 τιμωρέοντες
727 3252 835 3312 ἐδέοντό
844 3277 893 3327 μιν
903 3277 986 3310 κατα-

184 3343 351 3416 χρησθῆναι,
371 3343 417 3400 καὶ
437 3339 522 3401 αύτοῦ
541 3343 592 3401 τοῦ
612 3343 773 3420 στρατηγοῦ
788 3337 874 3416 ταύτῃ
891 3335 907 3398 ὁ
923 3337 987 3404 νόος
