2276 3538
183 166 228 213 160
487 163 671 212 ἨΡΟΔΟΤΟΤ
744 211 746 218 ,
901 165 980 226 [VH.

180 244 213 302 τέ
231 247 295 303 εἰσι·
315 241 351 320 ήν
370 268 402 303 τε
421 243 477 324 γάρ
492 242 599 321 τύχωσι
618 242 861 320 ἐξεστρατευμένοι
881 245 982 322 χίλιοι,

181 328 258 391 οὗτοι
279 331 461 410 μαχήσονταί
475 356 527 403 τοι,
542 329 577 405 ἦν
593 356 623 389 τε
643 330 798 393 ἐλάσσονες
817 331 929 402 τούτων,
946 332 982 409 ἦν

136 421 193 479 103
202 445 232 478 τε
246 421 292 478 καὶ
305 419 446 480 πλεῦνες.”
487 421 581 476 Ταῦτα
595 416 717 480 οἰκούσας
730 419 843 495 Ξέρξης,
854 420 981 500 γελάσας

182 507 247 583 ἐφη·
282 518 299 542 “
308 506 466 583 Δημάρητε,
482 506 540 564 οἷον
554 506 694 586 ἐφθέγξαο
708 507 780 574 ἔπος,
794 505 896 584 ἄνδρας
907 513 980 587 χιλί-

183 621 230 658 ους
244 599 363 673 στρατιῇ
375 594 482 672 τοσῇδε
493 593 689 672 μαχήσασθαι
724 593 782 674 ἄγε,
799 596 859 653 εἰπέ
871 622 927 671 μοι,
943 597 979 657 σά

183 684 240 763 φῂς
258 683 362 743 τούτων
381 686 436 741 τῶν
455 681 560 758 ἀνδρῶν
579 681 660 745 αὐτὸς
678 681 818 757 βασιλεῦς
834 685 979 763 γενέσθαι;

182 773 220 831 m)
243 771 279 831 ὧν
302 769 445 845 ἐθελήσεις
466 769 564 828 αὐτίκα
584 769 664 845 μάλα
691 770 762 847 πρός
788 770 888 850 ἄνδρας
915 772 980 832 δέκα

182 859 336 938 μάχεσθαι;
372 859 461 917 καίτοι
487 862 512 916 εἰ,
530 858 563 918 τό
585 857 730 917 πολιτικόν
753 858 819 933 ὑμῖν
841 863 899 918 πῶν
919 862 980 920 ἐστὶ

181 952 308 1007 τοιοῦτον
322 947 380 1006 οἶον
394 945 431 1006 σύ
443 946 576 1023 διαιρέεις,
591 948 627 1005 σέ
638 972 671 1026 γε
684 946 733 1005 τόν
747 949 841 1006 κείνων
853 948 980 1022 βασιλέα

182 1036 282 1112 πρέπει
297 1035 368 1113 πρός
385 1033 418 1094 τό
439 1033 590 1109 διπλήσιον
609 1034 831 1094 ἀντιτάσσεσθαι
847 1035 917 1095 κατά
937 1035 980 1096 νό-

183 1149 253 1199 μους
271 1124 338 1187 τοιίς
354 1122 510 1201 όμετέρους.
547 1125 570 1180 εἰ
588 1121 646 1203 γάρ
665 1123 759 1182 κείνων
777 1123 895 1187 ἕκαστος
915 1123 981 1183 δέκα

182 1211 288 1287 ἀνδρῶν
300 1216 351 1289 τῆς
367 1215 501 1289 στρατιῆς
514 1214 565 1285 τῆς
583 1215 651 1286 ἐμῆς
669 1209 798 1280 άντάξιός
814 1216 885 1282 ἐστι,
899 1215 933 1272 σὲ
951 1213 984 1272 δέ
1029 1208 1033 1214 ’

182 1326 215 1380 γε
225 1301 336 1377 δίζημαι
348 1302 436 1360 εἰκοσι
446 1299 515 1358 εἰναι
526 1296 665 1367 α’ντάξιον·
679 1299 725 1357 καί
736 1297 806 1358 οὕτω
816 1302 868 1375 μέν
877 1300 980 1377 ὀρθοῖτ’

182 1385 217 1448 ιίν
236 1389 252 1448 ό
273 1390 358 1471 λόγος
378 1389 395 1448 ό
414 1388 491 1464 παρά
509 1391 561 1445 σεῦ
579 1388 728 1462 εἰρημένος.
772 1391 796 1445 εἰ
808 1387 845 1458 δέ,
860 1391 985 1449 τοιοῦτοί

182 1502 212 1536 τε
238 1477 326 1539 ἐόντες
353 1477 398 1534 καί
425 1474 551 1556 μεγάθεα
577 1478 710 1533 τοσοῦτοι
737 1475 794 1537 οἰυς
820 1476 858 1535 σά
880 1503 911 1536 τε
934 1478 981 1536 καί

183 1563 210 1622 οἰ
222 1564 287 1640 παρ’
308 1568 356 1641 ἐμέ
377 1569 498 1640 φοιτῶσι
521 1561 667 1637 Ἑλλήνων
691 1569 718 1626 ἐς
738 1563 848 1645 λόγους,
870 1565 982 1644 αόχεῖτε

181 1655 327 1721 τοσοῦτον,
352 1652 404 1728 ὅρα
427 1651 467 1728 μή
494 1649 586 1727 μάτην
613 1650 720 1726 κόμπος
746 1650 762 1711 ὁ
789 1651 875 1734 λόγος
902 1652 1001 1717 οὗτος

183 1741 323 1816 εἰρημένος
342 1739 392 1815 εἰη.
435 1739 494 1798 ἐπεὶ
513 1738 583 1815 φέρε
600 1738 648 1797 ἰδω
663 1741 747 1798 παντὶ
760 1745 800 1819 τῷ
812 1741 907 1801 οἰκότι·
929 1747 981 1805 κῶς

181 1825 365 1900 ἰίνδυναίατοΙ
384 1829 480 1906 χίλιοι,
502 1826 520 1903 ἢ
542 1827 587 1885 καὶ
608 1826 710 1903 μύριοι,
729 1826 747 1904 ἢ
768 1829 815 1887 καὶ
834 1855 978 1890 πεντακισ-

181 1916 283 1992 μύριοι,
295 1917 384 1979 ἒόντες
397 1943 429 1997 γε
444 1915 582 1992 ἐλεύθεροι
595 1915 696 1979 πάντες
709 1915 810 1992 ὁμοίως
823 1919 869 1976 καὶ
881 1919 921 1996 μή
935 1916 980 1978 ὑπ’

183 1994 243 2067 ἑνός
263 2004 420 2083 α’ρχόμενοι,
451 2009 561 2082 στρατῷ
587 2005 694 2084 τοσῷδε
715 2004 891 2082 ἀντιστῆναι,
922 2011 985 2067 ἐπεί

181 2119 225 2153 τοι
252 2098 367 2157 πλεῦνες
387 2093 451 2171 περὶ
475 2095 522 2152 ἐνα
544 2095 662 2152 ἕκαστον
684 2094 819 2173 γινόμεθα
840 2094 860 2171 ἦ
882 2085 979 2175 χίλιοι,

149 2202 151 2206 “
182 2181 281 2242 ἐόντων
298 2183 406 2242 ἐκείνων
422 2182 504 2241 πέντε
519 2181 676 2260 χιλιαδέων.
719 2181 773 2240 ὑπό
789 2185 841 2259 μέν
854 2185 908 2264 γάρ
923 2186 983 2246 ἐνὸς

183 2268 333 2349 ἀρχόμενοι
354 2271 425 2330 κατὰ
445 2269 549 2346 τρόπον
569 2269 619 2329 τόν
639 2269 783 2346 ἡμέτερον,
807 2272 926 2353 γενοίατ’
947 2272 981 2334 (ἰν

183 2358 367 2434 δειμαίνοντες
388 2363 486 2417 τοῦτον
510 2358 555 2415 καὶ
578 2357 654 2433 παρὰ
681 2356 733 2433 τήν
761 2362 866 2420 ἑωυτῶν
893 2361 982 2436 φάσιν

182 2444 330 2520 ἀμείνονες,
345 2446 390 2502 καὶ
408 2447 475 2503 ἴοιεν
491 2443 711 2524 ἀναγκαζόμενοιΙ
725 2445 844 2529 μάστιγι
858 2453 885 2512 ἐς
898 2455 981 2509 πλεῦ-

183 2557 231 2593 νας
250 2531 404 2594 ἐλάσσονες
422 2533 519 2593 ἐόντες·
541 2531 679 2607 α’νειμένοι
696 2533 725 2591 δέ
739 2539 766 2596 ἐς
779 2536 812 2594 τό
827 2538 981 2613 ἐλεύθερον,

184 2618 234 2676 οόκ
254 2617 288 2676 ἂν
306 2619 425 2677 ποιέοιεν
442 2619 546 2678 τούτων
566 2619 704 2696 οὐδέτερα·
746 2621 831 2681 δοκέω
848 2623 877 2681 δὲ
896 2626 982 2705 ἔγωγε

186 2707 230 2764 καὶ
264 2705 449 2770 ἀνισωθέντας
481 2706 585 2782 πλήθεϊ
617 2712 748 2786 χαλεπῶς
777 2709 812 2769 ἂν
837 2710 982 2786 Ἕλληνας

183 2795 315 2873 Πέρσῃσι
328 2793 457 2869 μούνοισι
470 2795 621 2873 μάχεσθαι·
646 2794 724 2854 άλλά
736 2795 802 2872 παρ’
816 2797 884 2873 ήμΐν
898 2803 983 2861 τοῦτό

184 2888 245 2942 ἐστι
262 2881 295 2942 τό
310 2883 348 2942 σι)
365 2883 465 2962 λέγεις·
487 2885 547 2942 ἐστι
559 2910 592 2964 γε
606 2885 701 2960 μέντοι
720 2885 753 2946 δι’
770 2887 890 2957 πολλῶν,
906 2887 981 2947 άλλά

183 2971 311 3032 σπάνιον·
334 2973 389 3031 εἰσί
402 2973 457 3053 γάρ
472 2974 605 3048 Περσέων
615 2976 669 3030 τῶν
680 2977 751 3048 ἐμῶν
763 2977 945 3054 αἰχμοφόρων
957 2978 983 3036 οἳ

183 3059 354 3137 ἐθελήσουσι
366 3060 510 3136 Ἑλλήνων
524 3059 642 3136 α’νδράσι
655 3061 731 3135 τρισὶ
746 3061 817 3138 ὁμοῦ
828 3065 981 3143 μάχεσθαι·

136 3149 193 3208 104
202 3153 257 3208 τῶν
265 3149 302 3209 σι)
314 3150 364 3208 ἐῶν
374 3147 494 3224 ἄπειρος,
502 3147 598 3206 πολλά
609 3149 783 3223 φλυηρέεις.”
806 3152 885 3228 Πρός
895 3157 982 3211 ταῦτα

182 3237 349 3314 Δημάρητος
367 3237 454 3315 λέγει·
474 3233 517 3291 “ῶ
535 3237 667 3309 βασιλεῦ,
682 3236 804 3316 ἀρχῆθεν
817 3239 981 3313 ἠπιστάμην

181 3323 226 3382 ὅτι
237 3325 359 3401 α’ληθηίη
371 3323 526 3402 χρεόμενος
540 3322 571 3381 οὐ
587 3325 661 3396 φίλα
673 3351 717 3384 τοι
731 3328 805 3402 ἐρέω·
821 3327 858 3385 σε)
871 3327 901 3384 δὲ
915 3328 973 3384 ἐπεὶ
1117 3369 1128 3479 η
