2262 3534
167 128 214 174 ιιι
480 127 662 176 ·υι>οιουου
854 189 856 192 ,
904 131 968 196 [ιιι

168 205 216 264 σοὶ
243 202 332 266 ἐόντες
356 203 421 276 οἶδε,
446 203 467 280 ’ἦ
490 207 541 280 μὲν
568 205 689 281 Σαμίους
714 205 782 282 ήμῖν
810 209 971 286 προθύμους

121 296 159 352 92
169 293 285 352 ἔσεσθαι
312 291 503 370 συμμόχους.”
544 292 637 351 Ταῦτά
657 319 687 352 τε
708 293 767 369 ἅμα
787 293 903 377 ἠγόρευε
924 300 970 358 καὶ

168 381 201 440 τό
219 382 300 459 ἔργον
320 384 456 460 προσῆγε·
479 380 576 439 αὐτίκα
589 381 644 460 γόρ
664 384 690 439 οἱ
709 381 810 457 Σιίμιοι
828 385 925 444 πίστιν
939 413 971 446 τε

169 470 215 527 καὶ
245 467 324 545 ὅρκια
356 473 496 528 ἐποιεῦντο
528 470 691 546 συμμαχίης
718 471 781 546 πέρι
810 472 880 548 πρός
906 473 972 537 τούς

164 557 317 633 Ἕλληνος·
344 560 432 616 ταῦτα
453 557 482 615 δέ
502 557 678 632 ποιήσαντες,
700 562 727 617 οἱ
747 559 970 634 μένύπέπλεον·

168 645 240 723 μετὰ
253 646 349 720 σφέων
362 643 417 724 γὰρ
432 646 541 704 ἐκέλευε
558 646 654 706 πλέειν
669 645 719 706 τόν
732 646 970 727 Ἡγησίστρατον,

170 733 266 794 οἰωνόν
285 731 318 792 τό
339 731 444 808 ούνομα
464 732 634 808 ποιεύμενος·
662 737 689 793 οἶ
710 735 739 794 δὲ
754 733 893 811 Ἕλληνες
913 741 972 796 ἐπι-

170 821 288 900 σχόντες
300 819 403 895 ταύτην
418 819 470 894 τήν
485 821 598 898 ἡμέρην,
613 827 648 900 τῇ
668 821 801 902 ὑστεραίῃ
815 826 972 901 ἐκαλλιερέ-

171 935 243 978 οντο,
277 909 480 984 μαντευομένου
507 915 562 985 σφι
593 911 737 986 Δηϊφόνου
763 914 813 970 τοῦ
843 911 971 988 Εὐηνίου,

170 996 269 1074 α’νδρός
288 994 527 1072 Ἀπολλωνιήτεω,
554 997 747 1074 Ἀπολλωνίης
767 999 796 1058 δέ
816 1003 866 1076 τῆς
886 1005 915 1059 ἐν
933 1004 973 1080 τῷ

169 1084 258 1166 Ἰονίῳ
284 1085 388 1166 κόλπῳ·
419 1089 469 1144 τοῦ
495 1086 545 1146 τόν
564 1087 671 1162 πατέρα
692 1088 834 1162 κατέλαβε
853 1087 973 1164 Εὐήνιον

124 1177 161 1233 93
172 1179 290 1256 πρῆγμα
301 1173 417 1234 τοιόνδε·
432 1172 519 1234 Ἐστι
536 1179 564 1234 ἐν
581 1178 617 1252 τῇ
633 1173 812 1252 Ἀπολλωνίῃ
825 1175 911 1254 ταύτῃ
925 1176 973 1252 ipo?

171 1262 254 1338 ἡλίου
272 1263 412 1340 πρόβατα,
430 1261 466 1321 τοὶ
483 1262 533 1325 τός
549 1265 600 1338 μὲν
618 1261 722 1340 ήμέρας
740 1262 878 1338 βόσκεται
896 1263 973 1340 παρὰ

171 1351 306 1428 ποταμόν,
322 1350 352 1415 ὃς
366 1355 395 1409 ἐκ
406 1349 559 1426 Λόκμωνος
572 1349 665 1426 οὔρεος
678 1351 734 1427 ῥέει
748 1349 792 1409 διό
805 1354 855 1426 τῆς
867 1349 973 1409 Ἀπολ-

172 1441 272 1514 λωνίης
293 1439 384 1517 χώρης
406 1444 433 1501 ἐς
457 1437 616 1506 θάλασσαν,
641 1436 705 1514 παρ’
725 1437 840 1515 Ὤρικον
862 1439 972 1515 λιμένα·

170 1527 221 1590 τός
238 1527 268 1586 δὲ
286 1526 384 1588 νύκτας
402 1524 580 1602 ἀραιρημένοι
597 1524 692 1602 ἄνδρες
710 1529 737 1585 οἱ
753 1525 866 1606 πλούτῳ
882 1551 912 1586 τε
926 1527 973 1585 καὶ

170 1614 245 1694 γένεϊ
271 1613 453 1689 δοκιμώτατοι
477 1617 532 1672 τῶν
558 1613 659 1686 Ιἀστῶν,
683 1611 759 1674 οὗτοι
787 1613 973 1688 φυλάσσουσι

172 1701 296 1760 ἐνιαυτόν
317 1702 443 1763 ἕκαστος·
478 1702 542 1778 περὶ
562 1705 674 1760 πολλοῦ
696 1701 751 1783 γὰρ
774 1702 807 1778 δή
832 1695 973 1762 ποιεῦνται

171 1789 397 1864 Ἀπολλωνιῆται
416 1787 452 1848 τό
472 1787 605 1865 πρόβατα
631 1794 726 1862 ταῦτα,
750 1795 780 1848 ἐκ
804 1791 973 1866 θεοπροπίου

171 1877 255 1940 τινός
276 1883 304 1937 ἐν
318 1877 347 1936 δέ
364 1875 453 1956 ἄντρῳ
472 1875 638 1947 αὐλίζονται,
653 1877 709 1937 ἀπό
723 1881 773 1952 τῆς
786 1877 886 1940 πόλιος
900 1879 971 1941 ἐκός·

173 1967 238 2026 ἔνθα
251 1966 284 2042 δή
297 1966 361 2026 τότε
372 1965 387 2026 ό
397 1965 514 2042 Εὐήνιος
529 1963 607 2028 οὗτος
618 1965 800 2042 ἀραιρημένος
814 1965 972 2042 ἐφύλασσε·

172 2056 227 2114 καί·
248 2081 311 2115 κοτε
342 2054 425 2113 αὐτοῦ
459 2053 716 2130 κατακοιμήσαντος
749 2054 800 2132 τήν
834 2055 972 2130 φυλακήν,

172 2143 360 2220 παρελθόντες
386 2143 467 2201 λύκοι
495 2147 523 2205 ἐς
547 2141 580 2200 τό
608 2140 708 2218 ἄντρον
735 2143 894 2219 διέφθειραν
919 2147 973 2202 τῶν

171 2232 323 2309 προβάτων
344 2231 379 2292 ὦς
400 2230 541 2306 ἑξήκοντα·
563 2229 627 2289 όδέ
646 2230 682 2292 οἷς
700 2231 806 2305 ἐπήῖσε,
826 2230 883 2309 εἶχε
904 2238 973 2311 σιγῇ

173 2321 219 2379 καὶ
245 2321 347 2398 ἔφραζε
371 2318 467 2386 οὐδενὶ,
492 2323 520 2377 ἐν
547 2317 600 2397 νόῳ
628 2319 697 2396 ἔχων
724 2317 973 2394 οἷντικαταστήσειν

172 2407 250 2467 ἄλλα
263 2408 423 2484 πριάμενος·
446 2406 491 2464 καὶ
505 2404 537 2464 ού
550 2405 605 2486 γόρ
623 2407 706 2466 ἔλαθε
725 2407 789 2469 τούς
801 2403 972 2466 Ἀπόλλωνι-

172 2495 241 2570 ήτας
253 2499 339 2554 ταῦτα
352 2493 494 2574 γενόμενα,
508 2492 574 2552 ἀλλ’
585 2493 620 2556 ιύς
631 2493 774 2566 ἐπύθοντο,
784 2494 974 2576 ὑπαγαγόντες

174 2609 223 2660 μιν
246 2582 300 2641 ύπό
322 2581 501 2658 δικαστήριον
523 2582 691 2659 κατέκριναν,
714 2582 750 2646 οἷς
771 2582 822 2658 τήν
844 2582 974 2658 φυλακήν

174 2669 426 2747 κατακοιμήσαντα,
443 2675 494 2746 τῆς
514 2669 593 2748 ὄψιος
614 2671 792 2747 στερηθῆναι·
814 2671 923 2730 ἐπείτε
945 2671 974 2730 δὲ

174 2757 223 2818 τόν
243 2757 362 2834 Εὐήνιον
380 2757 585 2834 ἐξετύφλωσαν,
601 2757 698 2818 αὐτίκα
716 2757 787 2834 μετοὶ
804 2763 891 2817 ταῦτα
911 2755 974 2816 οὔτε

173 2845 306 2924 πρόβατά
325 2853 381 2923 σφι
399 2847 485 2906 ἔτικτε
505 2845 567 2905 οὔτε
583 2851 621 2926 γῆ
640 2850 721 2921 ἔφερε
740 2846 841 2922 ὁμοίως
858 2845 974 2922 καρπόν

174 2934 323 3012 πρόφαντα
344 2935 375 2993 δέ
394 2941 450 3006 σφι
475 2935 502 2994 ἐν
521 2959 552 2991 τε
574 2933 692 3010 Δωδώνῃ
714 2936 759 2990 καὶ
781 2939 809 2992 ἐν
831 2937 975 3008 Δελφοῖσι

175 3023 288 3102 ἐγίνετο,
305 3022 367 3080 ἐπεί
377 3047 408 3079 τε
422 3019 582 3094 ἐπειρώτεον
598 3020 661 3081 τούς
679 3021 826 3096 προφήτας
840 3022 872 3080 τό
887 3023 975 3080 αἴτιον

173 3114 223 3168 τοῦ
247 3109 398 3186 παρεόντος
422 3111 515 3174 κακοῦ,
540 3110 566 3164 οἱ
591 3107 620 3164 δὲ
643 3107 753 3165 αὐτοῖσι
779 3109 907 3183 ἔφραζον,
932 3109 975 3167 ὅτι

174 3196 273 3258 α’δίκως
285 3195 334 3256 τόν
348 3194 476 3270 φύλακον
486 3197 541 3252 τῶν
555 3196 619 3270 ἱρῶν
632 3194 783 3269 προβάτων
793 3195 912 3270 Εὐήνιον
925 3223 939 3252 τ
947 3223 976 3266 ς

480 3279 723 3304 ’λὶθῆ

175 3281 255 3360 ὄψιος
268 3283 434 3359 ἐστέρησαν·
453 3305 533 3340 αυτοι
546 3305 601 3359 γαρ
615 3305 775 3357 επορμησαι
787 3280 852 3344 τούς
864 3282 974 3345 λύκους·
