2262 3534
164 125 312 199 ιιι-ιιι]Ι
469 133 656 181 mmmm.
918 134 965 179 τοο

164 218 290 274 ἔλασσον
304 213 381 293 εἶχον
392 215 429 292 τῇ
445 211 534 292 μάχῃ·
556 212 614 270 ἐπεὶ
632 211 661 269 δὲ
676 214 732 270 τῶν
746 209 901 287 Ἀθηναίων
918 210 965 268 καὶ

162 307 218 362 τῶν
243 302 406 380 προσεχέων
433 300 449 360 ὁ
476 298 606 376 στρατός,
631 297 700 362 ὅκως
723 301 828 357 ἐωυτῶν
853 299 967 379 γένηται

163 390 195 448 τό
213 391 293 470 ἔργον
310 390 356 448 καὶ
375 389 416 464 μή
433 388 665 464 Λακεδαιμονίων,
681 386 966 463 παρακελευσάμενοι,

164 478 246 557 ἔργου
260 478 368 555 εἴχοντο
382 475 598 553 προθυμότερον,
609 475 734 534 ἐνθεῦτεν
747 472 800 549 ἤδη
812 477 967 550 ἑτεροιοῦτο

163 563 196 623 τό
217 568 344 645 πρῆγμα·
366 563 532 640 διωσάμενοι
544 563 599 643 γάρ
618 561 655 621 τό
672 563 758 643 γέρρα
777 559 861 630 οῦτοι,
883 561 967 638 φερό-

164 677 242 726 μενοι
259 652 397 711 ἐσέπεσον
417 650 498 714 άλέες
519 655 546 712 ἐς
565 649 630 713 τοῦς
650 651 775 726 Πέρσας·
797 651 824 707 οἱ
839 648 870 707 δὲ
890 649 965 719 δεξά·
1014 695 1016 700 .

163 765 249 815 μενοι,
265 740 312 798 καὶ
324 739 426 819 χρόνον
440 738 545 818 συχνόν
561 737 736 815 ἀμυνόμενοι,
750 737 832 800 τέλος
848 739 967 819 ἔφευγον

165 832 192 888 ἐς
205 827 237 887 τό
251 832 353 906 τεῖχος·
374 827 518 903 Ἀθηναῖοι
534 827 563 886 δέ
582 829 628 885 καὶ
647 827 791 903 Κορίνθιοι
805 827 851 885 καὶ
865 826 966 891 Σικυά·
1011 823 1018 836 ”

164 941 217 974 νιοι
236 917 282 974 καὶ
301 915 465 994 Τροιζήνιοι,
485 915 568 996 (οὕτω
586 913 641 996 γάρ
657 913 732 990 ἦσαν
750 914 850 990 ἐπεξῆς
869 941 965 996 τεταγ-

163 1003 263 1082 μένοι)
285 1003 522 1080 συνεπισπόμενοι
543 1003 749 1063 συνεσέπιπτον
770 1007 797 1066 ἐς
812 1002 846 1062 τό
863 1007 966 1082 τεῖχος·

165 1090 201 1152 ῶς
221 1091 251 1149 δέ
272 1092 317 1150 καὶ
336 1092 370 1151 τό
390 1095 483 1170 τεῖχος
501 1091 644 1168 ἀραίρητο,
662 1089 718 1149 οὔτ’
733 1091 772 1149 ἐτι
790 1090 860 1167 πρός
876 1090 967 1166 ἀλκὴν
1010 1099 1013 1103 ’

165 1177 317 1254 ἐτράποντο
338 1183 365 1239 οἱ
384 1179 531 1256 βάρβαροι
550 1179 620 1256 πρός
641 1177 735 1258 φυγήν
752 1204 783 1237 τε
802 1177 923 1255 ὁρμέατο
940 1182 967 1238 οἶ

164 1265 250 1325 ἄλλοι
269 1267 346 1342 πλην
366 1267 509 1344 Περσέων·
531 1265 607 1346 οὗτοι
628 1267 657 1325 δὲ
681 1265 740 1324 κατ’
760 1265 874 1346 ὀλίγους
892 1267 967 1346 γινό-

164 1381 250 1428 μενοι,
265 1355 403 1435 ἐμάχοντο
420 1358 496 1414 τοῖσι
512 1355 565 1413 αἰεὶ
586 1360 613 1417 ἐς
632 1354 665 1414 τό
685 1357 778 1432 τεῖχος
795 1354 966 1413 ἐσπίπτουσι

164 1442 317 1517 Ἑλλήνων.
359 1444 404 1501 καὶ
422 1447 477 1502 τῶν
495 1447 661 1523 στρατηγῶν
677 1446 733 1500 τῶν
752 1446 900 1518 Περσικῶν
916 1441 967 1501 δάο

164 1533 216 1605 μὲν
228 1529 431 1611 ἀποφεύγουσι,
446 1529 495 1589 δύο
508 1529 538 1588 δὲ
550 1534 712 1589 τελευτῶσι·
732 1528 901 1606 Ἀρταΰντης
913 1532 966 1606 μὲν

165 1617 210 1676 καὶ
222 1615 388 1696 Ἰθαμίτρης,
399 1623 449 1678 τοῦ
463 1621 592 1678 ναυτικοῦ
605 1618 830 1698 στρατηγέοντες,
842 1617 965 1694 άποφεά-

164 1731 257 1786 γουσι·
298 1707 465 1782 Μαρδόντης
484 1707 513 1766 δέ
532 1707 578 1766 καὶ
598 1706 614 1766 ό
634 1711 684 1766 τοῦ
703 1708 788 1777 πεζοῦ
805 1707 964 1788 στρατηγός

164 1793 299 1875 Τιγράνης
308 1796 464 1874 μαχόμενοι
473 1800 632 1854 τελευτῶσι.
664 1793 727 1854 Ἔτι
738 1795 768 1854 δὲ
777 1797 943 1874 μαχομένων
955 1797 1011 1856 103

163 1887 218 1941 τῶν
244 1884 377 1958 Περσέων
403 1881 536 1941 ἀπίκοντο
557 1881 771 1958 Λακεδαιμόνιοι
792 1884 837 1941 καὶ
858 1887 885 1942 οἱ
904 1881 963 1960 μετ’

163 1968 260 2039 αῦτῶν,
276 1971 321 2028 καὶ
333 1970 369 2028 τά
385 1969 473 2027 λοιπά
492 1969 714 2046 συνδιεχείριζον.
758 1969 859 2029 ἔπεσον
874 1971 963 2030 δὲκαὶ

163 2057 252 2116 αὐτῶν
267 2061 323 2117 τῶν
339 2056 484 2130 Ἑλλήνων
504 2057 605 2133 συχνοὶ
625 2056 743 2115 ἐνθαῦτα
763 2056 848 2116 ἄλλοι
867 2083 899 2116 τε
918 2058 964 2116 καὶ

165 2143 315 2214 Σικυώνιοι,
331 2145 376 2202 καὶ
390 2143 549 2224 στρατηγός
558 2144 708 2219 Περίλεως.
741 2147 796 2203 τῶν
809 2144 839 2204 δὲ
852 2146 965 2222 Σαμίων

163 2234 189 2288 οἱ
210 2230 434 2308 στρατευόμενοι,
456 2230 546 2294 ἐόντες
565 2257 597 2291 τε
617 2235 704 2310 ἐντῷ
724 2233 904 2312 στρατοπέδῳ
923 2237 963 2313 τῷ

164 2318 280 2396 Μηδικῷ
292 2319 338 2377 καὶ
352 2318 572 2396 άπαραιρημένοι
585 2319 621 2378 τά
634 2318 718 2389 ὅπλα,
730 2319 765 2382 ῶς
780 2319 853 2380 εἶδον
865 2321 963 2380 αῦτίκα

163 2405 222 2464 κατ’
242 2404 331 2485 άρχός
350 2409 499 2488 γινομένην
520 2408 669 2485 ἑτεραλκέα
689 2406 741 2483 τὴν
760 2408 863 2488 μάχην,
885 2410 965 2487 ἐρδον

162 2493 232 2552 ὅσον
252 2491 393 2568 ἠδυνέατο,
408 2497 620 2574 προσωφελέειν
640 2496 783 2561 ἐθέλοντες
802 2500 879 2558 τοῖσι
894 2497 962 2558 Ἔλ-

162 2587 241 2656 λησι·
263 2583 385 2660 Σαμίους
403 2583 433 2643 δὲ
450 2583 553 2648 ἰδόντες
572 2588 599 2644 οἱ
615 2583 700 2644 ἄλλοι
713 2582 806 2650 Ἴωνες
819 2585 962 2663 ἄρξαντας,

162 2669 233 2729 οὕτω
243 2670 277 2746 δή
289 2673 334 2729 καὶ
345 2671 424 2732 αῦτοῖ
434 2671 608 2736 ἀποστάντες
621 2672 677 2733 άπό
689 2675 822 2751 Περσέων
832 2676 962 2757 ἐπέθεντο

161 2761 237 2817 τοῖσι
259 2759 447 2838 βαρβάροισι.
490 2762 663 2838 Μιλησίοισι
684 2762 714 2821 δὲ
735 2764 942 2840 προσετέτακτο
953 2767 1009 2824 104

160 2849 213 2921 μὲν
240 2852 296 2907 τῶν
323 2852 457 2926 Περσέων
482 2848 532 2912 τάς
559 2850 665 2913 διόδους
696 2855 797 2928 τηρεῖν,
825 2853 964 2927 σωτηρίης

162 2933 251 2994 ε’ἶνεκά
265 2942 331 3012 σφι·
353 2937 396 3006 ιῦς,
410 2937 445 3014 ἢν
457 2937 512 3015 άρα
525 2940 618 3012 σφέας
631 2938 837 3016 καταλαμβάνῃ
851 2938 897 2997 οἶά
909 2965 963 3016 περ

161 3024 311 3106 κατέλαβε,
333 3025 443 3103 ἔχοντες
459 3025 597 3106 ἡγεμόνας
614 3026 755 3097 σώζωνται
771 3031 798 3088 ἐς
815 3026 864 3088 τὰς
884 3053 963 3103 κορυ-

161 3110 218 3185 φάς
230 3117 281 3188 τῆς
294 3113 440 3188 Μυκάλης·
462 3113 622 3192 ἐτάχθησαν
634 3115 687 3190 μέν
700 3139 748 3173 νυν
767 3115 813 3172 ἐπὶ
827 3118 911 3174 τοῦτο
926 3115 961 3175 τό

160 3203 279 3282 πρῆγμα
294 3203 321 3260 οἱ
342 3200 491 3276 Μιλήσιοι,
505 3201 604 3260 τοῦτου
624 3228 655 3260 τε
675 3201 776 3261 εἵνεκεν
793 3202 838 3260 καὶ
860 3202 961 3278 ἵναμὴ

161 3288 309 3367 παρεόντες
322 3293 351 3349 ἐν
363 3292 401 3367 τῷ
414 3289 593 3368 στρατοπέδῳ
609 3315 635 3347 τι
652 3289 772 3368 νεοχμόν
784 3289 912 3350 ποιέοιεν·
934 3293 961 3350 οἱ
