2268 3536
167 138 181 181 ι
469 132 653 184 Ἤτοιοτοτ
919 134 967 201 [τι

164 214 216 290 μέν
232 213 280 274 νυύ
292 219 343 290 τῆς
355 213 447 294 χώρης
459 214 560 291 ταύτης
573 215 636 292 πέρι
649 213 771 296 λέγεται·
792 215 966 294 τάπαραθα-

143 301 277 361 ’λάσσια
297 303 320 362 δ’
341 302 377 364 ὦν
397 303 482 380 αὐτῆς
502 303 675 385 Μεγάβαζος
689 303 824 381 Περσέων
844 304 967 381 κατήκοα

166 391 266 450 ἐποίεε.

118 479 153 538 11
207 484 326 556 Δαρεῖος
338 481 376 550 δέ,
390 481 426 544 ώς
439 479 540 555 διαβάς
553 479 675 560 τάχιστα
688 480 738 540 τόν
750 479 967 556 Ἑλλήσποντον

165 566 280 628 άπίκετο
296 575 324 632 ἐς
343 569 451 647 Σάρδις,
469 569 595 646 ἐμνήσθη
613 573 663 645 τῆς
680 570 711 638 ἐξ
724 567 860 628 Ἱστιαίου
872 574 967 630 τετοῦ

165 659 312 733 Μιλησίου
326 658 491 738 εὐεργεσίης,
506 659 552 716 καὶ
564 662 615 733 τῆς
623 657 803 734 παραινέσιος
815 662 865 717 τοῦ
879 665 967 718 Μυτι-

165 747 282 821 ληναίου
293 746 387 804 Κώεω·
405 746 657 823 μεταπεμψάμενος
670 746 701 804 δέ
713 750 805 820 σφεας
819 751 845 808 ἐς
858 745 966 823 Σάρδις,

165 834 254 893 ἐδίδου
278 834 389 893 αὐτοῖσι
412 835 530 910 αἰρεσιν.
571 834 587 894 ό
608 837 660 910 μέν
688 833 721 909 δή
749 833 889 904 Ἱστιαῖος,
918 834 966 894 ἅτε

163 921 333 998 τυραννεύων
355 925 406 998 τῆς
427 922 559 998 Μιλήτου
581 923 739 999 τυραννίδος
763 924 814 997 μέν
838 920 966 999 οὐδεμιῆς

163 1009 350 1089 προσέχρηζε·
372 1011 457 1070 αἰτέει
473 1010 502 1070 δέ
519 1010 663 1088 Μύρκινον
671 1010 723 1086 τήν
737 1009 884 1080 Ἠδωνίδα,
897 1013 966 1088 βου-

164 1097 284 1174 λόμενος
297 1105 325 1158 ἐν
333 1098 403 1178 αὐτη
416 1099 502 1159 πόλιν
515 1100 619 1158 κτίσαι.
661 1097 741 1162 οὗτος
754 1100 806 1174 μέν
816 1098 850 1175 δή
864 1100 967 1176 ταύτην

164 1187 293 1263 αἱρέεται·
315 1187 374 1248 όδέ
391 1188 481 1265 Κώης,
501 1187 546 1248 οἶά
559 1214 589 1248 τε
603 1187 636 1248 οὐ
649 1188 782 1266 τύραννος
798 1189 920 1266 δημότης
937 1215 967 1249 τε

164 1274 223 1346 ἐών,
249 1278 333 1338 αἰτέει
359 1277 523 1355 Μυτιλήνης
545 1283 737 1355 τυραννεῦσαι.
779 1280 967 1339 τελεωθέντων

163 1365 193 1424 δὲ
216 1365 412 1444 ἀμφοτέροισι,
435 1365 513 1428 οὗτοι
533 1371 585 1444 μὲν
606 1368 677 1427 κατά
697 1368 732 1427 τά
757 1367 866 1426 εἴλοντο
890 1366 966 1441 ἐτρά-

164 1480 260 1514 ποντα.

117 1543 154 1601 12
204 1546 325 1618 Δαρεῖον
348 1542 378 1600 δὲ
402 1542 554 1618 συνήνεικε,
575 1546 693 1621 πρῆγμα
712 1540 819 1600 τοιόνδε
840 1538 967 1614 ἰδόμενον

164 1631 336 1707 ἐπιθυμῆσαι
350 1631 528 1690 ἐντείλασθαι
541 1629 712 1710 Μεγαβάζῳ,
729 1629 854 1690 Παίονας
867 1627 967 1688 ἑλόντα

166 1717 365 1781 ἀνασπάστους
374 1723 493 1795 ποιῆσαι
507 1724 537 1778 ἐκ
550 1723 601 1794 τῆς
611 1717 745 1794 Εὐρώπης
758 1720 785 1778 ἐς
794 1715 846 1791 τήν
856 1715 965 1794 Ἀσίην.

165 1806 200 1883 ἦν
221 1808 330 1888 Πίγρης
352 1809 398 1866 καὶ
418 1806 558 1882 Μαντύης,
579 1805 674 1881 ἅνδρες
695 1805 823 1868 Παίονες·
850 1806 885 1876 οἰ,
907 1807 968 1866 ἐπεί

163 1922 195 1955 τε
223 1901 341 1974 Δαρεῖος
365 1896 447 1972 διέβη
468 1901 496 1958 ἐς
515 1895 567 1970 τήν
585 1893 696 1968 Ἀσίην,
718 1893 797 1953 αὐτοὶ
823 1895 967 1960 ἐθέλοντες

164 1984 294 2045 Παιόνων
317 1984 488 2061 τυραννεύειν
516 1982 691 2042 ἀπικνέονται
719 1987 746 2046 ἐς
773 1982 880 2061 Σάρδις,
908 1981 968 2060 ἅμα

165 2073 298 2154 α’γόμενοι
317 2071 461 2148 ἀδελφεήν
480 2070 608 2152 μεγάλην
627 2097 658 2130 τε
677 2072 723 2130 καὶ
740 2071 854 2131 εὐειδέα·
876 2073 967 2148 φυλά-

164 2162 259 2231 ξαντες
272 2161 302 2220 δέ
316 2165 437 2238 Δαρεῖον
454 2158 691 2236 προκατιζόμενον
705 2164 732 2221 ἐς
744 2159 777 2218 τό
797 2160 966 2236 προάστειον

163 2250 196 2311 τό
217 2255 272 2312 τῶν
292 2250 397 2319 Λυδῶν,
415 2249 553 2325 ἐποίησαν
572 2248 688 2308 τοιόνδε·
709 2248 897 2311 σκευάσαντες
914 2251 967 2325 τήν

165 2338 308 2416 α’δελφεήν
326 2337 362 2402 ὦς
381 2338 457 2416 εἶχον
470 2336 581 2415 άριστα,
597 2336 638 2396 ἐπ’
651 2338 723 2415 ὕδωρ
742 2339 866 2416 ἔπεμπον
879 2337 967 2419 άγγος

164 2428 210 2486 ἐπὶ
223 2433 259 2506 τῇ
273 2431 385 2506 κεφαλῇ
405 2428 526 2506 ἔχουσαν
545 2427 591 2485 καί
604 2432 634 2486 ἐκ
647 2433 698 2487 τοῦ
711 2429 866 2506 βραχίονος
881 2429 967 2486 ἵππον

164 2517 340 2575 ἐπέλκουσαν
359 2515 404 2574 καί
424 2515 590 2575 κλώθουσαν
603 2518 692 2576 λίνον·
714 2515 750 2578 αἶς
763 2515 793 2574 δὲ
803 2515 935 2592 παρεξήῖε
948 2511 966 2590 ή

163 2604 241 2685 γυνή,
257 2606 386 2680 ἐπιμελὲς
395 2608 433 2682 τῷ
444 2605 554 2682 Δαρείῳ
564 2605 683 2685 ἐγένετο·
698 2601 827 2684 οὔτεγὰρ
839 2608 967 2679 Περσικά

163 2692 198 2768 ἧν
219 2692 282 2752 οὐτε
302 2691 390 2751 Λύδια
410 2691 446 2752 τά
466 2691 615 2767 ποιεύμενα
632 2696 661 2750 ἐκ
678 2694 728 2766 τῆς
746 2690 883 2772 γυναικός,
904 2689 967 2750 οὐτε

165 2780 236 2858 πρός
253 2786 308 2841 τῶν
321 2787 351 2840 ἐκ
364 2785 414 2857 τῆς
426 2780 526 2856 Ἀσίης
545 2779 681 2856 οὐδαμῶν·
704 2782 835 2857 ἐπιμελὲς
848 2780 877 2839 δὲ
891 2779 927 2843 ώς
941 2783 967 2839 οἰ

165 2871 340 2951 ἐγένετο,τοίν
349 2869 510 2946 δορυφόρων
518 2868 595 2932 τινάς
602 2870 706 2945 πέμπει
715 2868 834 2928 κελεύων
842 2868 968 2944 φυλάξαι

165 2957 187 3016 α’
203 2985 231 3018 τι
246 2958 384 3037 χρήσεται
399 2963 437 3036 τῷ
454 2959 528 3036 ἵππῳ
547 2957 565 3032 ἡ
582 2957 662 3038 γυνή·
685 2960 711 3016 οἰ
727 2960 779 3034 μέν
796 2957 830 3032 δή
849 2955 967 3016 ὄπισθεν

165 3047 284 3118 εἵποντο,
298 3047 317 3124 ἡ
333 3047 362 3106 δὲ
376 3048 437 3106 ἐπεί
447 3073 478 3106 τε
492 3046 607 3105 άπίκετο
626 3047 672 3104 ἐπὶ
685 3045 735 3105 τόν
748 3045 884 3120 ποταμόν,
895 3043 967 3122 ἦρσε

164 3137 213 3197 τόν
241 3137 336 3196 ἰππον·
367 3135 482 3212 άρσασα
509 3134 538 3193 δὲ
565 3135 611 3192 καὶ
634 3133 667 3192 τό
689 3132 776 3214 άγγος
796 3137 846 3191 τοῦ
868 3133 968 3195 ὕδατος

165 3226 377 3303 ἐμπλησαμένη,
392 3225 444 3301 τήν
461 3223 547 3300 αὐτήν
566 3222 632 3283 ὁδόν
645 3221 777 3300 παρεξήῖε
792 3223 921 3298 φέρουσα
934 3221 967 3278 τό

163 3313 234 3390 ὕδωρ
256 3316 302 3373 ἐπὶ
321 3319 372 3390 τῆς
392 3317 519 3388 κεφαλῆς
535 3312 581 3370 καὶ
600 3311 760 3370 ἐπέλκουσα
778 3315 808 3369 ἐκ
826 3312 877 3368 τοῦ
895 3308 965 3386 βρα-
