2276 3538
187 147 231 192 ιιο
380 209 383 214 ¹
489 141 670 193 Ἥοοιουοτ
905 141 982 204 [vn.

182 247 264 299 μενος
287 222 353 300 παρ’
377 223 450 302 αὖτῷ
470 225 606 304 μέγιστον
627 223 760 297 Περσέων
783 218 944 297 Μαρδόνιος
967 247 984 279 ο

184 310 329 386 Γωβράεω,
354 310 388 375 ’ὃς
414 310 449 387 ἦν
475 312 565 389 Ξέρξη
591 314 643 388 μὲν
670 309 782 388 άνεψιός
810 309 929 388 Δαρείου
956 308 986 368 δέ

185 397 326 474 άδελφεῆς
338 400 411 469 πάϊς,
422 400 548 459 τοιούτου
561 399 650 480 λόγου
664 401 762 477 εἴχετο,
774 399 874 478 λέγων·
896 405 914 432 “
923 399 984 457 δέσ-

182 513 264 558 ποτα,
279 487 328 546 οὐκ
342 487 416 552 αι’κός
427 493 488 548 ἐστι
497 488 660 562 Ἀθηναίους
671 488 878 566 ἐργασαμένους
888 484 985 560 πολλὰ

182 575 235 651 ἤδη
249 575 320 634 κακά
334 577 457 653 Πέρσας,
472 575 512 652 μὴ
526 575 558 634 οὐ
573 576 666 634 δοῦναι
681 575 757 638 δίκας
770 578 825 633 τῶν
839 575 984 650 ἐποίησαν·

183 663 259 724 α’λλά
279 666 311 724 τὰ
332 667 383 741 μέν
403 668 451 724 νῦν
471 668 558 723 ταῦτα
576 662 719 739 πρήσσοις
745 662 833 738 τάπερ
855 666 884 721 ἐν
901 663 985 741 χερσὶ

182 754 262 830 ἔχεις
276 753 423 830 ἡμερώσας
433 752 462 810 δέ
473 752 616 831 Αἴγυπτον
628 751 680 826 τήν
694 751 887 827 ἐξυβρίσασαν
898 775 983 827 στρα-

182 841 299 914 τηλάτεε
318 841 364 898 ἐπὶ
383 839 433 902 τάς
450 839 578 914 Ἀθήνας,
596 840 639 898 ἵνα
656 839 741 919 λόγος
754 839 786 896 τέ
799 865 834 896 σε
848 839 898 915 ἐχῃ
915 837 986 915 πρός

184 926 334 1003 ἀνθρώπων
355 926 459 1007 άγαθὸς
481 928 528 985 καί
542 953 583 989 τις
598 925 716 1003 ὕστερον
733 926 919 1001 φυλάσσηται
939 928 985 985 ἐπὶ

182 1019 237 1096 γῆν
254 1016 306 1091 τήν
322 1015 378 1091 σήν
394 1014 623 1092 στρατεύεσθαι.”
664 1012 745 1076 οὗτος
764 1015 815 1091 μέν
830 1017 856 1072 οἱ
869 1013 885 1072 ὁ
899 1014 985 1096 λόγος

183 1101 218 1178 ἦν
237 1103 364 1180 τιμωρός·
391 1108 441 1163 τοῦ
462 1104 491 1162 δέ
512 1103 599 1184 λόγου
625 1103 803 1180 παρενθήκην
823 1103 985 1162 ποιεέσκετο

183 1191 272 1267 τήνδε,
289 1191 323 1255 ὦς
341 1192 359 1268 ἡ
376 1191 497 1269 Εὐρώπη
514 1190 687 1268 περικαλλὴς
704 1189 788 1269 χώρη,
810 1192 855 1248 καὶ
874 1190 985 1266 δένδρεα

182 1285 301 1340 παντοῖα
316 1282 394 1358 φέρει
407 1281 442 1340 τά
456 1280 555 1357 ἥμερα,
570 1279 671 1357 α’ρετήν
684 1305 715 1338 τε
729 1277 807 1353 άκρη,
821 1279 942 1354 βασιλέί
954 1305 985 1340 τε

150 1368 273 1448 6μοάνῳ
301 1368 498 1444 θνητῶν-ἀξίη
527 1369 670 1442 ἐκτῆσθαι.
713 1371 806 1425 Ταῦτα
834 1369 913 1447 ἔλεγε
940 1367 986 1426 οἶα

184 1459 320 1533 νεωτέρων
347 1459 432 1536 ἐργων
457 1455 627 1532 ἐπιθυμητής
651 1455 702 1514 ἐών
725 1455 770 1512 καὶ
793 1456 882 1514 θέλων
903 1453 987 1519 αὐτός

183 1548 233 1619 τῆς
244 1543 383 1604 Ἑλλάδος
402 1543 527 1620 ὕπαρχος
544 1543 620 1616 εἶναι,
640 1543 731 1621 χρόνῳ
746 1543 775 1600 δὲ
790 1543 986 1622 κατεργάσατό

183 1657 214 1690 τε
234 1631 279 1689 καὶ
297 1631 426 1690 αἷνέπεισε
444 1631 548 1706 Ξέρξεα
568 1629 640 1688 ὥστε
662 1632 765 1689 ποιέειν
783 1635 879 1690 ταῦτα·
905 1632 984 1691 συνέ-

185 1721 261 1794 λαβε
284 1717 338 1798 γάρ
363 1719 407 1776 καὶ
431 1717 507 1776 ἄλλα
530 1722 556 1776 οἱ
580 1718 717 1797 σύμμαχα
744 1719 878 1799 γενόμενα
903 1725 930 1782 ἐς
952 1720 986 1780 τό

185 1807 332 1864 πείθεσθαι
352 1805 465 1881 Ξέρξεα·
490 1811 573 1865 τοῦτο
595 1809 646 1882 μέν
670 1806 725 1866 οἷπὸ
749 1811 799 1881 τῆς
822 1810 987 1884 Θεσσαλίης

181 1893 261 1970 παρά
275 1897 328 1951 τῶν
336 1892 506 1952 Ἀλευαδέων
517 1894 665 1975 ἀπιγμένοι
674 1893 791 1975 ἄγγελοι
803 1895 986 1955 ἐπεκαλέοντο

183 1981 319 2058 βασιλέα,
344 1985 440 2041 πᾶσαν
464 1983 620 2058 προθυμίην
644 1982 839 2062 παρεχόμενοι,
865 1984 910 2040 ε’πὶ
933 1983 987 2060 τήν

184 2070 320 2130 Ἑλλάδα·
351 2073 377 2128 οἱ
400 2070 429 2128 δὲ
452 2069 601 2128 Ἀλευάδαι
624 2069 698 2129 οἶκτοι
722 2069 796 2144 ἦσαν
823 2072 987 2147 Θεσσαλίης

184 2159 328 2236 βασιλέες.
356 2163 439 2218 τοῦτο
463 2158 492 2216 δὲ
517 2157 771 2234 Πεισιστρατιδέων
794 2161 820 2216 οἶ
843 2157 986 2235 άναβεβη-

186 2247 262 2310 κάτες
290 2253 316 2309 ἐς
344 2248 448 2315 Σοῦσα,
477 2249 531 2304 τῶν
561 2271 592 2304 τε
622 2244 711 2304 αὐτῶν
738 2245 840 2326 λόγωνΙ
859 2246 987 2325 ἐχόμενοι

184 2339 238 2395 τῶν
268 2337 312 2392 καὶ
341 2338 366 2392 οἱ
393 2325 540 2392 Ἀλευάδαι
572 2334 617 2392 καὶ
644 2331 677 2408 δή
704 2359 731 2392 τι
761 2333 830 2409 πρός
860 2335 987 2396 τούτοισι

184 2424 223 2481 ἐτι
247 2422 335 2480 πλέον
358 2420 568 2500 προσορέγοντό
591 2425 624 2489 οἱ,
648 2425 756 2498 ἔχοντες
776 2421 986 2498 Ὀνομάκριτον,

184 2510 269 2585 ἄνδρα
278 2509 434 2584 Ἀθηναῖον,
450 2509 653 2588 χρησμολόγον
668 2535 698 2566 τε
714 2510 759 2566 καὶ
774 2509 902 2584 διαθέτην
919 2537 986 2589 χρη-

185 2602 264 2673 σμῶν
277 2601 331 2654 τῶν
345 2597 502 2653 Μουσαίου.
524 2595 744 2671 ἀναβεβήκεσαν
756 2598 811 2677 γάρ
825 2598 876 2672 τήν
887 2600 988 2676 ἔχθρην

184 2683 472 2761 προκαταλυσάμενοι·
506 2685 648 2760 ἐξηλάσθη
672 2685 725 2764 γάρ
750 2685 803 2744 ὗπᾶ
832 2685 988 2766 Ἱππάρχου

184 2777 233 2831 τοῦ
254 2772 460 2850 Πεισιστράτου
478 2772 493 2831 ὁ
510 2773 710 2851 Ὀνομάκριτος
728 2775 758 2843 ἐξ
777 2773 925 2850 Ἀθηνέων,
946 2774 988 2832 ἐπΙ

185 2860 336 2941 αὖτοφιόριρ
351 2861 435 2924 άλοῧς
445 2861 500 2920 ὖπὸ
510 2863 609 2921 Λάσου
619 2867 668 2921 τοῦ
679 2861 839 2943 Ἑρμιονέος
854 2863 989 2939 ἐμποιέων

186 2951 212 3011 ἐς
227 2949 262 3009 τά
279 2954 427 3010 Μουσαίου
440 2952 579 3030 χρησμὸν,
596 2952 629 3014 ὦς
648 2954 676 3009 αἱ
696 2953 739 3010 ἐπὶ
755 2951 870 3027 Λήμνου
891 2953 989 3011 ἐπικεί-

185 3063 266 3113 μεναι
286 3044 369 3114 νῆσοι
390 3039 570 3115 ἀφανιζοίατο
593 3040 663 3098 κατά
684 3046 733 3114 τῆς
756 3039 917 3117 θαλάσσης·
945 3039 989 3100 διδ

186 3126 308 3200 ἐξήλασέ
327 3154 375 3203 μιν
396 3126 411 3185 ό
433 3127 598 3204 Ἵππαρχος,
621 3128 756 3205 πρότερον
777 3127 934 3207 χρεώμενος
954 3131 991 3187 τὰ

185 3213 319 3287 μάλιστα.
353 3213 417 3272 τότε
431 3215 459 3270 δέ
474 3216 643 3288 συναναβὰς,
661 3215 728 3278 ὅκως
742 3216 870 3274 ἀπίκοιτο
887 3221 913 3277 ἐς
924 3215 990 3293 ὄψιν

187 3301 237 3373 τήν
256 3301 403 3374 βασιλέος,
424 3299 563 3378 λεγόντων
577 3304 631 3356 τῶν
647 3301 903 3377 Πεισιστρατιδέων
925 3305 989 3380 περὶ
