2262 3534
156 137 296 204 }0·5·-108]
460 138 649 188 ΚΔΛΛῘΟΗΕι
906 139 952 188 38}

154 215 334 293 ἐποιήσαντο,
358 219 440 278 πίστι
459 244 490 277 τε
516 216 727 294 καταλαβόντες
752 217 799 278 καὶ
826 217 955 296 ὁρκίοισι,

155 307 282 383 ἐμμένειν
295 333 326 366 τε
340 307 386 364 καὶ
399 305 439 382 μή
454 303 682 382 ἀποστήσεσθαι·
702 305 817 370 τούτους
831 307 860 366 δέ
874 332 956 366 κατα

154 395 294 470 λαβόντες
314 393 442 470 ὁρκίοισι,
471 395 571 454 ἔπλεον
593 394 644 458 τὰς
666 394 790 475 γεφύρας
812 393 956 458 λύσοντες·

155 483 195 541 ἔτι
217 483 273 563 γαὶρ
301 481 410 542 ἐδόκεον
431 483 609 559 ἐντεταμένας
632 481 770 560 εύρήσειν.
810 479 887 541 οὗτοι
906 484 958 558 μέν

155 569 189 646 δή
204 569 246 629 ἐπ’
258 569 475 646 Ἑλλησπόντου
488 571 598 630 ἔπλεον.

195 661 257 718 Τῶν
276 657 306 716 δὲ
321 657 523 738 ἀποφυγόντων
541 657 698 735 βαρβάρων
714 661 741 720 ἐς
760 656 797 718 τό
816 656 887 735 ἅκρα
906 657 1003 720 τε107

155 751 206 822 τῆς
232 746 371 822 Μυκάλης
398 746 623 822 κατειληθέντων,
648 745 747 808 ἐόντων
774 745 806 806 ού
832 750 956 815 πολλῶν,

156 834 262 914 ἐγίνετο
276 833 375 910 κομιδή
389 839 416 897 ἐς
435 834 544 912 Σόρδις·
563 836 755 911 πορευομένων
769 834 806 904 δέ,
820 832 879 893 κατ’
892 833 958 894 ὁδόν

156 923 311 997 Μασίστης
324 921 340 980 ό
356 923 476 999 Δαρείου
494 921 661 1001 παρατυχόν
674 926 712 1000 τῷ
726 920 811 984 πόθεῖ
828 925 866 1000 τῷ
878 947 957 1002 γεγο-

156 1007 216 1068 νότι
233 1009 283 1068 τόν
300 1009 460 1090 στρατηγόν
477 1009 648 1087 Ἀρταΰντην
664 1011 743 1090 ἔλεγε
758 1009 856 1068 πολλά
867 1036 898 1069 τε
912 1009 958 1070 καὶ

156 1096 238 1166 κακό,
252 1097 330 1156 ἄλλα
349 1123 380 1158 τε
401 1099 447 1157 καὶ
463 1097 591 1178 γυναικός
611 1099 695 1156 κακίω
713 1097 770 1172 φός
790 1096 875 1157 αύτὸν
889 1098 958 1158 εἶναι

156 1189 272 1244 τοιαῦτα
303 1184 547 1266 στρατηγήσαντα,
576 1185 624 1243 καὶ
653 1183 731 1254 όξιον
760 1185 829 1245 εἶναι
856 1184 958 1250 παντός

158 1276 244 1332 κακοῦ
256 1272 306 1334 τόν
316 1273 455 1350 βασιλέος
469 1273 546 1333 οἶκον
556 1272 730 1332 κακώσαντα·
748 1272 826 1350 παρὰ
839 1273 869 1331 δὲ
881 1276 958 1332 τοῖσι

158 1361 292 1440 Πέρσῃσι
314 1360 443 1442 γυναικός
470 1362 554 1420 κακίω
574 1359 694 1420 α’κοῦσαι
713 1360 806 1424 δέννος
824 1359 959 1441 μέγιστός

159 1454 229 1509 ἐστι·
257 1449 273 1509 ό
294 1450 331 1519 δὲ,
355 1451 414 1508 ἐπεὶ
435 1448 535 1509 ’πολλὰ
555 1447 667 1524 ήκουσε,
692 1448 766 1508 δεινὰ
787 1448 957 1525 ποιεύμενος,

158 1541 267 1598 σπᾶται
280 1538 327 1596 ἐπὶ
342 1537 392 1598 τόν
409 1538 565 1614 Μασίστην
577 1535 627 1596 τόν
645 1535 784 1607 ἀκινάκεα,
799 1536 959 1596 ἀποκτεῖναι

159 1625 258 1685 θέλων·
288 1627 337 1686 καί
354 1651 403 1702 μιν
423 1626 569 1686 ἐπιθέοντα
593 1625 731 1704 φρασθεὶς
751 1625 920 1707 Ξειναγόρης
940 1624 957 1686 ὁ

161 1714 318 1790 Πρηξίλεω,
349 1714 419 1792 ἀνὴρ
445 1714 694 1791 Ἁλικαρνησσεύς,
725 1712 827 1774 ὄπισθε
859 1713 959 1778 ἔστεῶς

159 1801 243 1862 αὐτοῦ
260 1802 438 1880 Ἀρταΰντεω,
461 1803 577 1880 ἁρπάζει
594 1803 692 1878 μέσον,
711 1803 757 1862 καὶ
769 1802 868 1882 ἐξᾴρας
882 1802 958 1862 παίει

160 1894 188 1952 ἐς
203 1889 255 1966 τήν
271 1895 334 1971 γῆν·
362 1891 409 1950 καὶ
429 1895 458 1950 ἐν
477 1890 564 1968 τούτῳ
585 1894 612 1948 οἱ
631 1890 784 1966 δορυφόροι
803 1891 959 1950 Μασίστεω

160 1979 350 2055 προέστησαν·
394 1978 410 2038 ό
437 1978 466 2036 δὲ
492 1976 661 2057 Ξειναγόρης
691 1981 778 2036 ταῦτα
809 1977 958 2057 ἐργάσατο,

140 2065 263 2144 ’χάριτα
293 2065 367 2143 αὐτῷ
392 2091 423 2124 τε
449 2065 589 2141 Μασίστῃ
619 2063 761 2140 τιθέμενος
787 2064 833 2122 καὶ
859 2065 957 2142 Ξέρξη,

161 2155 288 2225 ἐκσώζων
300 2152 351 2213 τόν
364 2151 503 2228 α’δελφεόν
515 2150 564 2211 τόν
578 2152 691 2210 ἐκείνου·
712 2153 758 2210 καὶ
771 2151 817 2210 διὰ
830 2156 913 2212 τοῦτο
925 2151 958 2212 τδ

161 2241 242 2320 ἔργον
259 2240 429 2321 Ξειναγόρης
447 2240 578 2313 Κιλικίης
596 2238 691 2315 πόσης
707 2239 782 2317 ἦρξε,
797 2239 892 2303 δόντος
904 2241 958 2315 βα-

161 2331 266 2391 σιλέος·
300 2331 355 2387 τῶν
376 2327 406 2388 δέ
427 2326 486 2386 κατ’
510 2327 575 2388 ὀδόν
598 2328 797 2404 πορευομένων,
821 2326 899 2388 ούδέν
920 2328 959 2386 ἐτι

161 2417 249 2476 πλέον
269 2415 378 2497 ἐγένετο
397 2415 508 2484 τούτων,
527 2414 592 2474 ἀλλ’
611 2413 787 2475 ἀπικνέονται
805 2419 833 2478 ἐς
849 2414 958 2491 Σάρδις·

162 2509 190 2564 ἐν
201 2504 230 2563 δέ
243 2507 311 2582 τῇσι
322 2503 440 2581 Σόρδισι
453 2503 586 2584 ἐτύγχανε
597 2502 648 2562 ἐιδν
656 2502 804 2579 βασιλεύς,
813 2503 844 2572 ἐξ
856 2505 959 2563 ἐκείνου

161 2595 212 2652 τοῦ
233 2591 336 2671 χρόνον
360 2593 422 2653 ἐπεί
439 2617 470 2651 τε
493 2593 524 2662 ἐξ
540 2591 687 2667 Ἀθηνέων,
705 2593 905 2669 προσπταίσας
924 2595 961 2670 τῇ
997 2611 1003 2664 ζ

162 2680 310 2759 ναυμαχίῃ,
324 2680 421 2762 φυγῶν
432 2679 557 2738 ἀπίκετο.

202 2767 272 2829 Τότε
285 2769 315 2828 δέ
328 2773 357 2829 έν
370 2772 438 2848 τῇσι
452 2767 570 2844 Σάρδισι
583 2766 634 2828 ἐιδν
647 2765 701 2845 ἄρα
713 2766 769 2845 ἤρα
781 2772 832 2845 τῆς
844 2768 939 2828 Μασί-
950 2769 1007 2828 108

162 2881 236 2918 στευ
247 2856 384 2937 γυναικός,
398 2855 498 2931 ἐούσης
515 2856 560 2914 καὶ
577 2854 678 2931 ταύτης
694 2858 821 2917 ἐνθαῦτα·
842 2855 877 2920 οἷς
891 2855 922 2914 δέ
935 2858 962 2916 οἶ

162 2945 378 3021 προσπέμποντι
408 2942 458 3004 ούκ
492 2941 605 3004 ἐδύνατο
636 2944 868 3024 κατεργασθῆναι,
898 2942 961 3004 ούδέ

162 3034 231 3109 βίην
248 3033 417 3110 προσέφερε,
430 3031 657 3108 προμηθεόμενος
674 3031 724 3091 τόν
741 3029 880 3107 ἀδελφεόν
898 3036 961 3090 Μα-

163 3123 277 3197 σίστην·
297 3119 385 3180 τιόυτδ
409 3120 439 3180 δὲ
462 3122 545 3180 τοῦτο
572 3118 631 3198 εἶχε
653 3119 698 3178 καὶ
715 3118 767 3194 τήν
784 3122 909 3200 γυναῖκα·
931 3117 961 3180 εὖ

163 3210 218 3292 γὰρ
231 3211 366 3270 ἐπίστατο
378 3209 446 3286 βίης
459 3206 492 3268 ού
503 3207 663 3284 τευξομένη·
682 3207 800 3266 ἐνθαῦτα
812 3204 846 3282 δή
857 3205 963 3284 Ξέρξης

164 3299 312 3380 ἐργόμενος
323 3301 379 3360 τῶν
392 3296 495 3367 ἄλλων,
510 3295 635 3372 πρήσσει
647 3295 697 3355 τόν
709 3294 801 3376 γόμον
812 3297 912 3356 τοῦτον
924 3298 963 3372 τῷ
