2278 3538
149 159 291 224 228-233]
456 158 641 207 ΠΟΛΤΜΝῙΑ.
899 155 947 204 21⁵

147 239 236 300 σάντα
251 244 278 302 ές
295 237 346 298 τάν
364 238 465 316 ὅμιλον
481 239 678 314 διαφθαρῆναι·
699 235 906 315 Ἀριστόδημον
918 236 948 297 δὲ

150 327 371 406 λειποψυχέοντα
398 328 555 403 λειφθῆναι
600 329 623 383 εἰ
649 325 701 402 μέν
712 350 772 398 [νυν
791 323 826 401 ἥν
845 328 949 402 μοῦνον

150 413 354 492 Ἀριστόδημον
364 414 531 496 ἀλγήσαντα
543 411 741 488 ἀπονοστῆσαι
752 419 779 476 ἐς
789 413 921 488 Σπάρτην
930 411 949 490 ἣ

149 503 195 562 καὶ
213 502 284 580 ὁμοῦ
303 505 400 578 σφέων
418 501 585 580 ἀμφοτέρων
606 502 657 577 τήν
678 500 794 577 κομιδήν
809 501 949 581 γενέσθαι,

149 590 253 650 δοκέειν
267 593 337 666 ἐμοὶ,
351 590 401 650 οὐκ
415 589 449 652 ἄν
458 597 514 666 σφι
531 590 707 666 Σπαρτιήτας
722 592 806 665 μῆνιν
821 587 950 666 οὐδεμίαν

149 681 337 757 προσθέσθαι·
371 679 430 740 νυνὶ
451 680 488 748 δὲ,
509 681 558 738 τοῦ
582 682 634 755 μὲν
654 677 743 738 αὐτῶν
763 677 948 754 ἀπολομένου,

148 771 199 827 τοῦ
213 769 242 826 δὲ
256 772 306 843 τῆς
315 770 367 843 μὲν
376 766 461 842 αὐτῆς
475 769 607 846 ἐχομένου
618 766 780 844 προφάσιος
794 765 843 826 οὐκ
855 767 948 842 ε’θελή-

149 881 252 918 σαντος
263 856 292 913 δὲ
302 855 498 930 ἀποθνήσκειν,
509 854 663 936 ἀναγκαίως
677 861 734 931 σφι
747 856 820 933 ἔχειν
832 855 950 932 μηνίσαι

149 944 277 1024 μεγάλως
290 942 493 1026 Ἀριστοδήμῳ.
529 949 572 1004 ,Οἱ
590 945 642 1020 μέν
658 971 705 1004 νυν
722 943 791 1003 οὕτω
805 944 997 1018 σωθῆναι230

150 1033 268 1113 λέγουσι
278 1031 511 1108 Αριστάδημον’
498 1060 525 1096 ες
536 1032 675 1109 Σπάρτην,
689 1033 741 1090 καὶ
749 1033 793 1090 δια
785 1031 950 1108 πρόφασιν

150 1119 267 1195 τοιήνδε·
290 1120 365 1178 οἶδὲ
384 1117 508 1202 ἄγγελον
529 1121 724 1196 πεμφθέντα’
712 1147 742 1178 εκ
761 1124 812 1178 τοῦ
833 1145 950 1230 στρρτο-

150 1209 242 1282 πέδου,
259 1208 385 1277 ἔξεστ’
351 1235 424 1288 αυπῳ
410 1207 658 1284 καταλαβεῖν
624 1233 676 1282 την
689 1208 784 1313 μάχην
794 1208 948 1288 γινομένην,

151 1321 200 1356 ουκ
221 1297 356 1373 ε’θελῆσαι
378 1297 477 1356 ἀλλ’
461 1297 648 1373 υπομείναντα
665 1301 694 1354 έν
713 1321 748 1374 τῃ
736 1295 823 1373 ὁδῷ
842 1321 950 1376 περιγε-

151 1385 258 1445 νέσθαι·
278 1385 326 1446 τάν
343 1385 373 1444 δὲ
389 1384 565 1464 συνάγγελον
578 1383 665 1442 αὐτοῦ
678 1382 845 1459 α’πικάμενον
860 1389 887 1446 ἐς
899 1383 951 1460 τήν

151 1471 245 1551 μάχην
265 1473 423 1534 ἀποθανεῖν.
464 1471 679 1547 Ἀπονοστήσας
700 1472 729 1530 δὲ
750 1475 777 1534 ε’ς
798 1472 930 1530 Λακεδαί-
940 1475 995 1532 231

151 1587 224 1636 μονα
245 1561 261 1620 ά
281 1560 485 1638 Ἀριστόδημος
509 1559 613 1623 ὄνειδός
632 1586 663 1619 τε
685 1559 742 1639 εἶχε
764 1561 809 1618 καὶ
831 1560 950 1636 ἀτιμίην,

152 1647 270 1728 πάσχων
283 1649 312 1708 δὲ
326 1649 419 1708 τοιάδε
432 1648 563 1726 ἠτίμωτο·
588 1647 651 1708 οὔτε
664 1651 691 1708 οἱ
704 1653 759 1726 πῦρ
774 1648 861 1711 οὐδεὶς
875 1650 952 1709 ἔναυε

153 1737 346 1812 Σπαρτιητέων
377 1735 442 1796 οὔτε
473 1736 621 1816 διελέγετο,
656 1735 759 1798 ὄνειδός
786 1763 816 1795 τε
849 1737 908 1817 εἶχε
934 1737 951 1798 ά

152 1825 253 1900 τρέσας
265 1823 468 1902 Ἀριστόδημος
486 1825 663 1901 καλεόμενος·
685 1825 750 1884 ἀλλ’
767 1824 783 1884 ά
801 1828 853 1902 μὲν
870 1831 899 1884 έν
916 1831 952 1906 τῇ

154 1916 183 1970 ε’ν
209 1917 374 1991 Πλαταιῇσι
400 1913 478 1991 μάχῃ
504 1912 629 1988 άνέλαβε
649 1918 745 1973 πᾶσαν
771 1913 823 1988 τὴν
845 1920 952 1994 ε’πενεχ-

154 1998 250 2058 θεῖσάν
264 2003 291 2058 oz
305 2002 403 2076 αἰτίην.
445 2002 563 2081 Λέγεται
577 2002 606 2060 δὲ
620 2001 665 2058 καὶ
679 2000 769 2060 ἄλλον
782 2001 931 2078 άποπεμφ-
941 2005 999 2063 232

154 2088 236 2148 θέντα
249 2087 372 2170 ἄγγελον
386 2094 413 2150 ἐς
426 2090 592 2164 Θεσσαλίην
602 2092 658 2149 τῶν
671 2089 838 2165 τριηκοσίων
850 2089 953 2150 τούτων

152 2179 355 2258 περιγενέσθαι,
376 2179 416 2255 τῷ
442 2176 546 2255 οὔνομα
571 2177 639 2236 εἶναι
660 2177 811 2251 Παντίτην·
854 2176 954 2254 νοστή-

153 2291 243 2327 σαντα
264 2269 293 2330 δὲ
313 2272 413 2329 τοῦτον
434 2273 461 2331 ἐς
484 2266 624 2342 Σπάρτην,
654 2265 690 2328 οἷς
709 2264 840 2340 ἠτίμωτο,
863 2264 951 2348 άπάγ-

152 2355 266 2425 ξασθαι.

195 2446 232 2502 Οἱ
252 2444 282 2504 δὲ
302 2445 434 2520 Θηβαιοι,
454 2447 510 2503 τῶν
530 2470 545 2503 ο
538 2442 769 2518 Λεοντιάδης’
756 2441 1002 2524 εστρατήγεε,233

153 2531 219 2592 τέιυς
238 2534 289 2607 μὲν
308 2532 381 2608 μετά
399 2535 454 2592 τῶν
474 2530 668 2606 Ἑλλήνων”
640 2557 729 2594 εοντες
749 2530 924 2608 έμάχοντο“
908 2530 954 2589 υπ’

154 2617 304 2699 άναγκαίης
325 2620 453 2700 ἐχόμενοι
476 2619 546 2696 πρὸς
573 2619 624 2694 τήν
644 2619 783 2694 βασιλέος
806 2619 956 2697 στρατιήν

155 2705 191 2769 ιάς
203 2707 232 2765 δὲ
247 2707 319 2768 εἶδον
335 2709 522 2785 κατυπέρτερα
537 2711 592 2767 τῶν
613 2707 746 2784 Περσέων
765 2707 898 2789 γινόμενα
918 2708 955 2768 τά

153 2795 314 2876 πρήγματα,
341 2795 411 2856 οὕτω
439 2795 473 2872 δή
499 2800 555 2855 τῶν
583 2795 638 2855 σύν
662 2795 784 2875 Λεωνιδη
810 2796 956 2873 Ἑλλήνων

155 2887 339 2965 ἐπειγομένων
359 2886 404 2944 ε’πὶ
424 2883 474 2945 τόν
498 2883 630 2954 κολωνάν,
651 2881 874 2962 ἀποσχισθέντες
894 2883 956 2945 τού·

154 2995 216 3040 των,
240 2973 336 3051 χεῖράς
358 2999 389 3033 τε
416 2974 574 3051 προέτεινον
598 2973 644 3032 καὶ
670 2971 757 3048 ἤϊσαν
784 2972 878 3032 ἆσσον
902 2976 957 3033 τῶν

155 3060 319 3138 βαρβάρων,
344 3064 472 3144 λέγοντες
492 3060 542 3121 τᾶν
565 3061 761 3137 ἀληθέστατον
779 3063 835 3119 τῶν
854 3058 954 3139 λόγων,

157 3146 191 3209 ὥς
212 3149 258 3206 καὶ
278 3149 426 3225 μηδίζουσι
441 3150 487 3206 καὶ
506 3153 561 3228 γῆν
576 3173 607 3208 τε
624 3150 669 3207 καὶ
687 3149 758 3224 ὕδωρ
775 3152 804 3208 ἐν
821 3146 957 3223 πρώτοισι

156 3235 256 3296 ἔδοσαν
269 3239 398 3313 βασιλέϊ,
412 3235 467 3297 θπδ
487 3237 517 3294 δὲ
534 3235 685 3317 άναγκαίης
702 3236 830 3314 ε’χάμενοι
848 3240 876 3298 ἒς
889 3240 957 3312 Θερ-

154 3322 285 3394 μοπύλας
302 3323 457 3396 ἀπικοίατο,
473 3323 519 3382 καὶ
537 3323 655 3386 ἀναίτιοι
674 3323 728 3384 εἶεν
745 3327 796 3382 τοῦ
814 3321 958 3400 τρώματος
