2268 3536
149 227 190 293 οι]
453 229 656 278 υπτνικουυ.
919 229 950 275 ιι

150 310 264 370 ἐπὶτῶν
279 309 381 386 θυρέων
395 310 529 386 ἀλλήλων
544 310 665 370 ἅπτοντο
679 309 950 387 καταιτιώμενοι,καῖ

149 397 277 474 μάλιστα
290 402 339 457 τοῦ
354 399 464 476 πρώτου
479 399 621 474 λαβόντος
635 398 678 458 ὅτι
699 398 748 458 ούκ
770 399 885 474 ἐποίησε
904 424 950 457 κα-

149 487 184 546 τὰ
204 486 240 546 τό
261 487 422 567 δεδογμένα·
447 487 502 550 ε’ςδ
522 486 555 562 δή
569 493 633 562 σφι,
647 487 750 566 χρόνου
764 487 950 567 ἐγγινομένου,

151 575 225 646 ἔδοξε
247 575 323 640 αὖτις
345 577 537 653 παρελθόντας
559 575 665 638 πάντας
682 580 732 635 τοῦ
751 576 839 650 φόνου
855 576 951 650 μετίσ-

150 689 218 741 χειν.
262 665 314 723 ἔδει
329 665 358 723 δὲ
373 669 402 722 ἐκ
416 669 466 723 τοῦ
481 663 627 726 Ἠετιωνος
639 664 724 744 γόνου
737 664 866 741 Κορίνθῳ
880 662 950 721 κακᾶ

150 751 353 827 ἀναβλαστεῖν·
382 752 401 828 ή
429 753 533 828 Λάβδα
557 753 612 833 γάρ
639 751 731 812 πάντα
757 755 844 811 ταῦτα
870 749 953 826 ἤκουε

151 843 278 899 ἑστεῶσα
293 839 363 917 πρός
378 841 480 918 αὐτῇσι
501 846 569 919 τῇσι
592 841 702 919 θύρῃσι·
725 841 845 900 δείσασα
864 839 893 898 δὲ
913 837 954 916 μή

151 934 207 1002 σφι
225 928 364 1007 μεταδόξῃ
385 929 429 986 καὶ
450 928 483 987 τό
501 929 628 1005 δεύτερον
644 929 783 1005 λαβόντες
795 927 829 987 τὸ
843 927 954 986 παιδίον

151 1015 343 1087 ἀποκτείνωσι,
361 1019 489 1094 φέρουσα
505 1017 689 1093 κατακρύπτει
709 1023 735 1080 ἐς
754 1017 787 1076 τό
808 1014 954 1094 ἀφραστό-

150 1103 235 1176 τατόν
253 1108 279 1164 οί
299 1106 428 1180 ε’φαίνετο
445 1105 521 1175 εἶναι,
538 1111 564 1168 ἐς
579 1107 711 1183 κυψέλην·
733 1106 904 1181 ἐπισταμένη
919 1102 955 1166 ώς

152 1196 176 1249 εἰ
188 1191 416 1270 ὑποστρέψαντες
431 1199 457 1255 ἐς
472 1194 588 1268 ζήτησιν
604 1193 758 1266 α’πικοίατο,
773 1192 865 1252 ποίντα
884 1197 954 1269 ἔρευ-

153 1277 250 1350 νήσειν
263 1281 404 1355 μέλλοιεν·
427 1280 462 1338 τᾶ
478 1280 510 1356 δή
527 1281 572 1338 καὶ
587 1282 701 1360 ἐγίνετο.
736 1281 853 1339 ἐλθοῦσι
867 1281 896 1338 δὲ
910 1280 956 1337 καὶ

153 1366 326 1442 διζημένοισι
341 1367 451 1427 αύτοῖσι
471 1369 505 1430 ώς
527 1368 576 1426 οὐκ
599 1368 736 1443 ε’φαίνετο,
756 1367 846 1426 ἐδόκεε
865 1367 956 1426 ἀπαλ-

153 1453 317 1514 λάσσεσθαι
340 1457 385 1514 καὶ
404 1457 497 1536 λέγειν
519 1456 588 1533 πρός
602 1455 666 1517 τούς
679 1454 900 1538 ἀποπέμψαντας
922 1453 957 1517 ὦς

153 1542 243 1602 πάντα
257 1543 455 1619 ποιήσειαντᾶ
471 1549 568 1604 ἐκεῖνοι
583 1545 765 1603 ἐνετείλαντο.
808 1547 834 1602 οἱ
849 1546 901 1620 μὲν
919 1541 953 1618 δή

153 1631 321 1696 ἀπελθόντες
336 1634 432 1712 ἔλεγον
446 1638 544 1693 ταῦτα·
566 1632 693 1692 Ἠετίωνι
712 1633 741 1691 δὲ
756 1633 827 1710 μετα
840 1637 927 1692 ταῦτα
940 1631 957 1691 ό

153 1719 218 1784 πώῖς
228 1720 263 1780 ad
280 1720 369 1782 όνετο·
386 1723 433 1780 καί
446 1726 471 1780 οἱ
487 1721 651 1803 διαφυγόντι
665 1727 764 1780 τοῦτον
773 1721 823 1781 τίν
833 1721 957 1781 κίνδυνον

154 1807 208 1868 α’πό
223 1813 272 1885 τῆς
286 1812 408 1888 κυψέλης
424 1811 581 1887 ἐπωνυμίην
597 1810 730 1888 Κύψελος
747 1809 851 1886 οὕνομα
868 1810 957 1884 ἐτέθη.

154 1897 318 1974 ἀνδρωθέντι
332 1899 361 1958 δὲ
376 1901 420 1958 καὶ
434 1900 626 1977 μαντευομένῳ
641 1899 765 1976 Κυψέλῳ
780 1898 888 1978 ἐγένετο
904 1895 954 1973 α’μ-

155 1987 278 2060 φιδέξιον
296 1985 469 2064 χρηστήριον
485 1993 513 2046 ἐν
528 1990 681 2061 Δελφοῖσι,
696 1991 734 2064 τῷ
747 1986 864 2047 πίσυνος
881 1983 957 2065 γενό-

153 2101 236 2150 μενος
251 2077 416 2154 ἐπεχείρησέ
428 2103 459 2134 τε
474 2077 519 2134 καὶ
534 2077 602 2154 ἔσχε
616 2074 765 2152 Κόρινθον.
798 2072 813 2132 ό
828 2073 857 2132 δὲ
870 2098 958 2150 χρησ-

153 2161 207 2238 μδς
227 2161 273 2222 ὅδε
295 2163 338 2238 ἢν·

247 2277 347 2339 Ὄλβιος
360 2277 427 2326 οὗτος
440 2280 498 2339 ἀνὴρ
511 2275 536 2326 ὃς
549 2279 604 2332 ἐμὸν
616 2277 686 2335 δόμον
702 2274 869 2336 ἐσκαταβαίνει

254 2351 367 2411 Κύψελος
375 2349 496 2408 Ἠετίδης,
511 2350 626 2411 βασιλεὺς
636 2349 739 2394 κλειτοῖο
751 2346 875 2407 Κορίνθου·

254 2423 323 2470 αὐτὸς
335 2423 374 2468 καί
387 2423 476 2479 παῖδες,
492 2422 582 2468 παίδων
593 2437 623 2480 γε
634 2421 677 2477 μὲν
689 2419 767 2466 οὐκέτι
779 2419 868 2466 παῖδες.

156 2519 195 2578 T&
208 2521 260 2596 μὲν
275 2520 308 2594 δή
323 2518 495 2598 χρηστήριον
509 2522 592 2577 τοῦτο
606 2516 649 2592 ἦν.
691 2516 876 2594 τυραννεύσας
895 2516 924 2575 δὲ
942 2515 958 2576 ὃ

157 2607 298 2684 Κύψελος,
310 2612 435 2670 τοιοῦτος
450 2606 484 2682 δή
497 2633 539 2669 τις
553 2605 622 2682 α’νήρ
634 2607 752 2688 ἐγένετο·
766 2605 892 2668 πολλούς
905 2608 956 2682 μὲν

157 2697 312 2772 Κορινθίων
324 2696 423 2766 ἐδίωξε,
432 2696 559 2758 πολλούς
570 2695 598 2754 δὲ
612 2695 761 2773 χρημάτων
772 2693 956 2770 ἀπεστέρησε,

156 2787 256 2862 πολλῷ
280 2783 302 2842 δ’
326 2785 365 2842 ἔτι
387 2785 538 2846 πλείστους
560 2788 610 2859 τῆς
632 2787 733 2861 ψυχῆς
775 2781 907 2859 ἄρξαντος
929 2782 958 2840 δὲ

156 2871 256 2932 τούτου
271 2874 316 2931 ε’πὶ
329 2873 477 2948 τριήκοντα
489 2874 550 2931 ἔτεα
564 2873 609 2930 καὶ
620 2872 820 2940 διαπλέξαντος
830 2871 879 2931 τόν
892 2873 958 2947 βίον

158 2959 195 3030 εὖ,
217 2961 346 3040 διάδοχός
368 2965 393 3020 οἱ
415 2966 465 3037 τῆς
486 2961 644 3037 τυραννίδος
666 2959 682 3020 ό
702 2964 768 3023 παῖς
788 2961 959 3038 Περίανδρος

157 3050 272 3129 γίνεται.
315 3049 330 3109 ὁ
352 3051 443 3109 τοίνυν
469 3049 639 3126 Περίανδρος
661 3049 720 3108 κατ’
743 3049 830 3128 ἅρχοὶς
851 3051 902 3125 μὲν
922 3047 957 3122 ἦν

157 3136 311 3214 ήπιώτερος
323 3143 373 3198 τοῦ
388 3139 500 3216 πατρός·
524 3139 585 3196 ἐπεί
601 3165 632 3197 τε
646 3139 675 3197 δὲ
690 3137 816 3214 ώμίλησε
830 3136 863 3194 δι’
877 3135 958 3214 ἀγγέ-

159 3229 217 3284 λων
235 3226 432 3306 Θρασυβούλῳ
451 3230 489 3304 τῷ
508 3227 639 3302 Μιλήτου
653 3225 782 3303 τυράννῳ,
800 3226 899 3298 πολλῷ
919 3222 959 3279 ἔτι

160 3314 268 3394 ἐγένετο
281 3315 416 3393 Κυψέλου
430 3314 657 3391 μιαιφονώτερος.
688 3313 802 3387 πέμψας
814 3309 869 3389 γὰρ
882 3307 958 3383 παρὰ

160 3401 369 3480 Θρασύβουλον
390 3403 503 3480 κήρυκα,
519 3401 685 3461 ἐπυνθάνετο
703 3398 795 3458 ὅντινα
809 3395 841 3454 ἂν
854 3395 959 3472 τρόπον
