2268 3536
181 145 219 201 93,
234 143 277 206 οι]
481 144 682 195 πυρεττοντι,
946 140 977 186 4⁵

181 219 274 295 ὁρτήν,
290 217 374 296 ἤϊσαν
397 220 493 298 κόσμῳ
516 225 553 298 τῷ
575 225 718 298 καλλίστῳ
739 223 901 299 χρεώμεναι·
919 216 936 276 ό
956 216 980 275 δ’

181 307 348 383 ὑποστήσας
360 309 423 370 τούς
437 309 616 385 δορυφόρους,
631 308 753 368 άπέδυσέ
774 315 865 382 σφεας
885 305 980 370 πάσας

181 395 283 471 ὁμοίως
297 396 347 458 τάς
366 396 390 455 τ’
406 398 551 473 ἐλευθέρας
572 398 618 454 καὶ
634 396 682 458 τάς
698 395 886 470 ἀμφιπόλους·
908 421 978 471 συμ-

182 484 311 560 φορήσας
326 485 354 543 δὲ
369 490 395 546 ἐς
409 483 525 565 ὄρυγμα,
541 486 679 562 Μελίσσῃ
701 482 883 560 ἐπευχόμενος
902 483 978 542 κατέ·

182 597 250 630 καιε·
271 577 357 631 ταῦτα
372 573 403 630 δέ
415 575 441 631 οἱ
454 572 605 648 ποιήσαντι
616 573 661 631 καὶ
672 571 704 630 τό
718 570 843 646 δεύτερον
854 571 979 646 πέμψαν·

180 684 208 717 τι
225 661 333 736 ἐφρασε
350 659 383 720 τό
403 661 516 720 εἴδωλον
529 660 561 720 τό
576 661 729 735 Μελίσσης
743 664 770 721 ἐς
783 656 832 716 τόν
846 658 979 732 κατέθηκε

181 750 272 824 χῶρον
285 752 335 806 τοῦ
349 748 438 816 ξείνου
451 748 502 822 τήν
516 747 759 825 παρακαταθήκην.
802 749 912 805 τοιαῦτα
928 747 979 821 μέν

182 839 243 892 ἐστι
259 834 323 911 ὑμῖν
336 835 355 911 ή
369 838 501 912 τυραννὶς,
516 836 537 896 ὦ
550 835 772 912 Λακεδαιμόνιοι,
789 835 835 892 καὶ
848 833 978 894 τοιούτων

182 922 276 1002 ἔργων.
321 923 408 1000 ήμέας
422 925 450 982 δὲ
460 925 524 986 τούς
533 925 696 1001 Κορινθίους
710 923 773 983 τότε
788 922 885 982 αὐτίκα
900 922 979 997 θῶμα

180 1013 254 1090 μέγα
268 1011 333 1088 εἶχε,
348 1011 393 1070 ὅτε
411 1012 497 1088 ὑμέας
517 1014 623 1088 εἴδομεν
645 1011 909 1088 μεταπεμπομένους
922 1009 977 1069 Ἱπ-

181 1099 256 1172 πίην·
278 1103 326 1158 νῦν
346 1126 377 1158 τε
399 1101 432 1175 δή
455 1102 500 1158 καὶ
521 1101 639 1176 μεζόνως
660 1099 822 1176 θωμάζομεν
844 1099 979 1178 λέγοντας

182 1189 279 1243 ταῦτα·
294 1188 535 1263 ἐπιμαρτυρόμεθά
548 1213 586 1255 τε,
599 1187 807 1262 ἐπικαλεόμενοι
821 1186 886 1262 όμῖν
901 1186 979 1249 θεοὺς

182 1271 246 1334 τούς
262 1273 435 1349 Ἑλληνίους,
456 1274 496 1349 μή
519 1275 681 1334 κατιστάναι
702 1273 861 1345 τυραννίδας
883 1278 909 1334 ἐς
930 1273 980 1336 τάς

182 1359 274 1424 πόλις·
296 1360 383 1421 οὔκων
400 1361 545 1420 παύσεσθε
566 1361 643 1420 άλλά
663 1358 834 1436 πειρήσεσθε
849 1359 926 1436 παρά
946 1361 978 1420 τό

182 1448 287 1510 δίκαιον
300 1448 466 1530 κατάγοντες
478 1448 597 1524 Ἱππίην,
613 1451 674 1508 ίστε
691 1447 755 1522 ὑμῖν
769 1449 933 1524 Κορινθίους
946 1476 979 1530 γε

182 1536 214 1596 οὐ
234 1537 451 1600 συναινέοντας.”

223 1625 382 1700 Σωσικλέης
401 1628 452 1701 μὲν
473 1625 529 1684 άπδ
554 1626 693 1701 Κορίνθου
715 1625 880 1700 πρεσβεύων
902 1626 977 1694 ἔλεξε
987 1627 1024 1683 93

173 1712 256 1791 τάδε.
297 1713 406 1788 Ἱππίης
419 1713 448 1772 δέ
461 1711 545 1772 αὐτόν
561 1711 703 1789 ἀμείβετο,
718 1711 781 1774 τούς
803 1711 900 1775 αότοός
922 1717 977 1771 ἐπι-

183 1801 303 1863 καλέσας
325 1801 403 1863 θεοῦς
427 1803 512 1879 κείνῳ,
536 1800 554 1876 ἦ
578 1799 634 1878 μήν
660 1801 824 1877 Κορινθίους
846 1800 975 1878 μάλιστα

182 1888 289 1948 πάντων
304 1889 485 1964 ἐπιποθήσειν
499 1888 739 1964 Πεισιστρατίδας,
758 1888 823 1948 ὅταν
837 1896 893 1964 σφι
909 1887 975 1964 ήκω

183 2002 213 2034 σι
228 1975 328 2053 ἡμέραι
349 1980 377 2036 αἱ
396 1977 485 2054 κόριοι
507 1976 638 2036 άνιᾶσθαι
659 1974 703 2034 ὑπ’
718 1975 881 2052 Ἀθηναίων.
922 1975 976 2034 Ἱπ-

182 2065 245 2140 πίης
259 2068 310 2142 μὲν
327 2064 452 2124 τούτοισι
472 2065 618 2142 α’μείψατο,
638 2065 682 2124 οἶά
699 2090 730 2124 τε
749 2063 813 2125 τοῦς
831 2063 978 2140 χρησμοδς

181 2152 369 2228 άτρεκέστατα
379 2153 482 2228 ἀνδρῶν
493 2153 713 2227 ἐξεπιστάμενος·
735 2155 760 2210 οἱ
775 2151 803 2208 δέ
816 2151 911 2208 λοιποὶ
923 2154 977 2209 τῶν

181 2239 337 2319 συμμάχων
352 2241 418 2302 τέως
437 2243 489 2315 μὲν
510 2239 585 2318 εἶχον
601 2244 628 2296 ἐν
642 2237 746 2315 ἡσυχίῃ
762 2237 854 2311 σφέας
868 2235 975 2300 αότοός·

181 2328 241 2386 ἐπεί
259 2353 290 2385 τε
308 2328 337 2384 δέ
352 2328 509 2389 Σωσικλέος
527 2327 651 2402 ἤκουσαν
674 2326 798 2386 εἴπαντος
820 2325 975 2402 ἐλευθέρως,

180 2414 253 2477 άπας
265 2441 306 2478 τις
320 2415 409 2474 αὐτῶν
423 2415 518 2491 φωνήν
531 2415 623 2492 ῥήξας,
639 2415 744 2491 αἱρέετο
762 2417 811 2472 τοῦ
827 2415 976 2491 Κορινθίου

179 2503 230 2578 τήν
237 2502 363 2584 γνιόμην·
377 2503 624 2578 Λακεδαιμονίοισί
634 2528 665 2561 τε
679 2503 921 2579 ἐπεμαρτυρέοντο,
935 2502 976 2578 μή

178 2593 281 2652 ποιέειν
297 2592 382 2669 μηδὲν
399 2591 529 2667 νειότερον
547 2592 611 2669 περὶ
631 2592 715 2668 πόλιν
728 2589 862 2650 Ἑλλάδα.
905 2590 975 2649 οὕτω

177 2683 229 2756 μὲν
242 2685 329 2740 ταῦτα
344 2680 482 2755 ἐπαύσθη.

217 2769 312 2847 Ἱππίῃ
332 2768 361 2827 δέ
383 2770 506 2828 ἐνθεῦτεν
525 2768 741 2844 ἀπελαυνομένῳ
762 2766 851 2826 ἐδίδου
864 2769 915 2842 μὲν
928 2765 973 2824 Ἀ·
984 2767 1022 2824 94

176 2857 279 2933 μόντης
300 2858 315 2916 ό
335 2856 471 2915 Μακεδιδν
488 2855 683 2930 Ἀνθεμοῦντα,
704 2854 831 2914 ἐδίδοσαν
852 2854 881 2912 δέ
903 2860 974 2912 Θεσ-

176 2946 263 3003 σαλοὶ
282 2945 404 3004 Ἰωλκόν.
447 2943 463 3002 ό
482 2943 511 3001 δὲ
531 2943 633 3002 τούτων
647 2946 699 3018 μὲν
713 2941 841 3018 οὐδέτερα
858 2942 973 3016 αἱρέετο,

176 3031 310 3110 αἶνεχιόρεε
324 3033 352 3090 δὲ
367 3031 458 3092 όπίσω
472 3037 499 3094 ἐς
514 3033 630 3111 Σίγειον,
646 3029 678 3090 τό
696 3030 753 3088 εἷλε
767 3029 973 3102 Πεισίστρατος
1011 3067 1014 3076 =

175 3123 264 3197 αἰχμῇ
274 3119 350 3196 παρά
361 3119 567 3193 Μυτιληναίων·
590 3118 732 3193 κρατήσας
746 3115 775 3174 δὲ
789 3113 882 3180 αὐτοῦ,
898 3113 973 3170 κατέ-

174 3233 265 3283 στησε
278 3207 410 3284 τόραννον
425 3207 494 3264 εἶναι
512 3205 598 3264 παῖδα
611 3203 660 3264 τόν
674 3205 774 3261 ἐωυτοῦ
788 3199 870 3258 νόθον
887 3198 973 3278 Ἡγη-

173 3297 336 3370 σίστρατον,
354 3292 490 3374 γεγονότα
513 3293 543 3362 ἐξ
565 3291 693 3370 Ἀργείης
713 3284 850 3367 γυναικός·
872 3285 903 3349 ὃς
924 3284 973 3345 οὐκ
