2276 3538
174 154 219 202 ιιι
475 147 657 207 πιοοιοςοτ
909 143 971 210 [vx.

163 255 231 307 ,ρων
248 228 403 306 ἠρέσκοντο
423 232 451 305 αἶ
471 227 521 287 οἶπ”
530 227 668 303 Ἀθηνέων
685 225 840 308 ἀπιγμένοι,
855 224 901 284 καὶ
913 224 974 284 τού-

177 343 230 376 των
247 321 360 393 μᾶλλον
378 316 572 391 Ἱπποκλείδης
590 313 775 390 όΤισάνδρου
794 313 840 371 καὶ
858 311 915 371 κατ’
929 312 974 373 άν-

178 404 329 484 δραγαθίην
346 406 474 480 ἐκρίνετο,
489 405 535 461 καὶ
548 402 592 462 ὅτι
605 402 641 462 τά
654 401 769 462 άνέκαθε
782 404 858 459 τοῖσι
876 405 904 459 ἐν
919 406 975 459 Κο-

132 494 188 551 129
198 493 282 572 ρίνθῳ
297 493 475 571 Κυψελίδῃσι
491 490 526 566 ῆν
543 489 700 568 πρασῆκων.
741 488 790 552 Ὡς
811 489 841 548 δέ
858 487 876 562 ῆ
897 489 975 565 κυρίη

178 581 287 661 ἐγένετο
306 584 361 640 τῶν
378 579 501 656 ἡμερέων
518 583 569 654 τῆς
584 605 616 638 τε
629 577 809 640 κατακλίσιος
820 579 870 636 τοῦ
883 574 976 656 γόμου

178 669 224 727 καὶ
238 667 374 744 ἐκφάσιος
387 666 471 726 αὐτοῦ
485 666 680 734 Κλεισθένεος,
692 664 743 725 τόν
761 666 847 742 κρίνοι
863 667 892 722 ἐκ
908 662 975 723 πάν-

177 782 240 825 των,
255 755 343 816 θύσας
356 756 427 829 βοῦς
441 754 538 812 ἑκατόν
551 753 566 813 ό
578 753 752 828 Κλεισθένης
766 751 864 830 εὐώχεε
877 749 976 814 αύτούς

177 868 209 902 τε
226 842 290 904 τοῦς
308 844 471 917 μνηστῆρας
490 842 536 898 καὶ
552 840 617 903 τούς
631 840 793 904 Σικυωνίους
807 837 922 901 πάντας·
941 837 976 902 ὦς

178 929 208 988 δέ
230 927 285 988 ἀπό
308 929 419 988 δείπνου
442 929 623 1009 ἐγένοντο,οἱ
644 931 801 1004 μνηστῆρες
823 928 879 1002 ἔριν
900 925 976 1004 εἶχον

178 1015 257 1092 ἀμφί
276 1041 308 1075 τε
330 1019 453 1094 μουσικῇ
478 1017 524 1074 καὶ
544 1019 583 1095 τῷ
606 1015 747 1096 λεγομένῳ
770 1019 797 1077 ἐς
819 1013 852 1072 τό
875 1014 975 1089 μέσον·

178 1103 330 1180 προϊούσης
350 1104 379 1164 δέ
398 1107 449 1178 τῆς
466 1103 575 1173 πόσιος,
590 1104 712 1182 κατέχων
725 1101 836 1161 πολλόν
848 1099 913 1163 τούς
926 1099 975 1159 άλ-

179 1194 246 1255 λους
259 1191 274 1250 ὁ
287 1191 489 1267 Ἱπποκλείδης,
505 1193 615 1250 ἐκέλευέ
634 1195 661 1250 οἱ
680 1189 730 1250 τόν
750 1188 875 1264 αύλητῆν
889 1187 976 1263 αύλῆ-

179 1305 229 1338 σαι
250 1281 408 1356 ἐμμέλειαν·
433 1280 599 1356 πειθομένου
620 1279 650 1336 δέ
670 1281 720 1336 τοῦ
738 1275 871 1352 αὐλητέω,
893 1274 977 1354 ὀρχή-

179 1393 266 1426 σατο·
295 1367 343 1426 καί
362 1394 413 1430 κως
436 1371 523 1445 ἑωυτῷ
544 1370 596 1442 μὲν
619 1365 742 1442 οἷρεστῶς
765 1362 887 1442 ὀρχέετο,
908 1362 925 1422 ὁ
947 1363 977 1422 δέ

180 1456 354 1538 Κλεισθένης
368 1455 452 1530 ὁρέων
470 1453 538 1513 ὅλον
556 1453 589 1514 τό
608 1457 725 1534 πρῆγμα
738 1451 884 1512 ύπόπτευε·
904 1448 976 1526 μετά

179 1541 217 1612 δέ,
229 1543 353 1620 ἐπισχών
364 1542 380 1601 ό
393 1541 587 1616 Ἱπποκλείδης
596 1542 704 1619 χρόνον,
717 1541 826 1600 ἐκέλευέ
837 1565 899 1599 τινα
911 1539 977 1616 τρά-

179 1631 265 1700 πεζαν
278 1633 421 1688 ἐσενεῖκαι·
437 1628 609 1705 ἐσελθούσης
622 1629 652 1688 δὲ
665 1634 714 1704 τῆς
728 1629 871 1704 τραπέζης,
880 1630 978 1704 πρῶτα

179 1719 231 1793 μὲν
247 1715 289 1776 ἐπ’
303 1716 388 1792 αὐτῆς
403 1715 548 1796 ὀρχήσατο
566 1716 711 1776 Λακωνικοὶ
732 1715 885 1794 σχημάτια·
906 1714 977 1792 μετά

181 1805 218 1874 δέ,
233 1803 310 1864 ἄλλα
323 1804 446 1864 Ἀττικά·
459 1803 499 1864 ’τό
521 1806 614 1882 τρίτον
636 1805 673 1874 δέ,
689 1804 741 1879 τῆν
762 1801 890 1878 κεφαλῆν
910 1805 977 1879 ἐρεί-

181 1917 234 1954 σας
248 1892 293 1950 ἐπὶ
307 1891 358 1968 τῆν
376 1891 515 1969 τράπεζαν
535 1897 611 1951 τοῖσι
630 1892 748 1951 σκέλεσι
769 1890 976 1969 ἐχειρονόμησε·

182 1979 356 2055 Κλεισθένης
369 1981 406 2050 δὲ,
420 1979 455 2039 τά
468 1983 520 2057 μέν
532 1983 629 2056 πρῶτα
643 1978 737 2038 καὶτὰ
755 1977 868 2056 δεύτερα
881 1977 977 2057 ὀρχεο-

179 2068 264 2143 μένου
282 2066 463 2148 ἀποστυγέων
478 2067 612 2148 γαμβρδν
632 2066 666 2126 ἅν
686 2070 713 2126 οἱ
726 2067 765 2126 ἔτι
777 2066 908 2147 γενέσθαι
920 2066 977 2125 Ἱπ-

180 2156 336 2226 ποκλείδεα,
359 2156 404 2215 διά
425 2156 476 2231 τήν
496 2182 527 2215 τε
548 2155 668 2234 ὄρχησιν
689 2155 735 2214 καὶ
756 2155 806 2230 τῆν
830 2153 976 2231 ἀναιδείην,

180 2249 290 2323 κατεῖχε
311 2244 410 2304 ἑωυτόν
431 2243 463 2303 ού
476 2243 651 2320 βουλόμενος
668 2247 816 2324 ἐκραγῆναι
837 2247 865 2305 ἐς
883 2241 976 2302 αύτόν·

183 2331 218 2395 ὦς
241 2333 270 2391 δὲ
293 2332 347 2391 εἶδε
369 2335 446 2391 τοῖσι
470 2333 587 2390 σκέλεσι
610 2330 859 2410 χειρονομήσαντα,
886 2330 978 2391 ούκέτι

181 2421 306 2499 κατέχειν
326 2419 474 2494 δυνάμενος
495 2419 563 2478 εἶπε·
585 2419 632 2477 ’ίῶ
648 2423 701 2478 παῖ
715 2417 878 2495 Τισάνδρου,
892 2416 978 2495 α’πορ·

180 2506 275 2586 χήσαό
293 2532 326 2587 γε
343 2505 400 2582 μῆν
417 2505 468 2566 τόν
485 2505 601 2588 γάμον·”
623 2507 638 2566 ὁ
657 2507 687 2566 δὲ
699 2505 892 2581 Ἱπποκλείδης
911 2504 978 2566 ὖπο-

136 2597 191 2655 130
203 2595 303 2670 λαβών
317 2594 386 2653 εἶπε·
406 2593 465 2652 “ού
477 2596 591 2670 φροντὶς
600 2593 805 2673 Ἱπποκλείδη.”
846 2592 902 2653 α’πά
916 2593 978 2653 τού·

181 2708 232 2742 του
252 2685 303 2757 μὲν
322 2686 405 2741 τοῦτο
426 2681 615 2758 ούνομνίζεται.
657 2683 831 2758 Κλεισθένης
847 2681 877 2740 δέ
893 2681 979 2762 σιγῆν

180 2769 376 2845 ποιησάμενος,
399 2770 474 2840 ἔλεξε
493 2775 520 2834 ἐς
537 2771 627 2846 μέσον
646 2770 721 2830 τάδε·
743 2769 863 2846 (ῐάνδρες
879 2769 979 2834 παιδός

180 2860 231 2932 τῆς
244 2861 310 2933 ἐμῆς
323 2863 487 2935 μνηστῆρες,
504 2857 557 2938 ἐγὼ
573 2859 619 2917 καὶ
634 2857 739 2922 πάντας
752 2857 836 2934 ὑμέας
854 2857 977 2927 ἐπαινέω,

181 2945 226 3003 καὶ
244 2949 332 3004 πᾶσιν
353 2945 426 3022 ὑμῖν,
441 2951 465 3004 εἰ
483 2945 542 3004 οἶόν
559 2971 590 3005 τε
611 2946 660 3020 εἴη,
675 2946 839 3024 χαριζοίμην
857 2942 899 3014 ἂν,
913 2943 978 3020 μήτ’

181 3032 229 3090 ἕνα
249 3032 338 3109 ύμέων
361 3033 499 3108 ἐξαίρετον
520 3031 674 3107 οἷποκρίνων
689 3032 760 3108 μήτε
780 3031 843 3094 τούς
861 3031 979 3096 λοιπούς

180 3117 398 3195 ἀποδοκιμάζων·
420 3117 485 3176 ἀλλ’
502 3117 534 3176 ού
556 3118 609 3198 γάρ
633 3118 677 3178 οἶά
698 3120 730 3178 τέ
751 3125 813 3178 ἐστι
832 3123 898 3196 μιῆς
914 3121 979 3196 πέρι

181 3207 318 3281 παρθένου
331 3204 505 3282 βουλεύοντα
525 3209 597 3263 πᾶσι
615 3205 684 3265 κατά
697 3205 761 3267 νόον
774 3207 887 3278 ποιέειν,
900 3210 979 3268 τοῖσι

205 3291 297 3314 XC!

179 3317 232 3367 μεν
243 3317 333 3366 υμεων
347 3290 598 3368 ἀπελαυνομένοισι
609 3293 690 3354 τοῦδε
702 3298 752 3354 τοῦ
764 3292 856 3374 γάμου
876 3293 978 3358 τάλαν·
