<?xml version="1.0" encoding="UTF-8"?>
<!DOCTYPE html PUBLIC "-//W3C//DTD XHTML 1.0 Transitional//EN"
    "http://www.w3.org/TR/xhtml1/DTD/xhtml1-transitional.dtd">
<html xmlns="http://www.w3.org/1999/xhtml" xml:lang="en" lang="en">
 <head>
  <title>
</title>
<meta http-equiv="Content-Type" content="text/html;charset=utf-8" />
  <meta name='ocr-system' content='tesseract 3.04.00' />
  <meta name='ocr-capabilities' content='ocr_page ocr_carea ocr_par ocr_line ocrx_word'/>
</head>
<body>
  <div class='ocr_page' id='page_1' title='image "./herodotusrecens02blakgoog_0113.png"; bbox 0 0 2276 3538; ppageno 0'>
   <div class='ocr_carea' id='block_1_1' title="bbox 157 109 1012 3362">
    <p class='ocr_par' dir='ltr' id='par_1_1' title="bbox 157 109 965 2484">
     <span class='ocr_line' id='line_1_1' title="bbox 159 109 954 202; baseline -0.005 -18"><span class='ocrx_word' id='word_1_1' title='bbox 159 135 296 202; x_wconf 82' lang='grc' dir='ltr'>ιοι-ιιο]</span> <span class='ocrx_word' id='word_1_2' title='bbox 500 109 612 182; x_wconf 63' lang='lat' dir='ltr'>amo.</span> <span class='ocrx_word' id='word_1_3' title='bbox 651 161 654 166; x_wconf 88' lang='lat'>-</span> <span class='ocrx_word' id='word_1_4' title='bbox 906 133 954 182; x_wconf 70' lang='grc' dir='ltr'>τοι</span> 
     </span>
     <span class='ocr_line' id='line_1_2' title="bbox 157 210 955 294; baseline -0.003 -21"><span class='ocrx_word' id='word_1_5' title='bbox 157 241 187 274; x_wconf 90' lang='grc' dir='ltr'>τε</span> <span class='ocrx_word' id='word_1_6' title='bbox 201 214 324 289; x_wconf 81' lang='grc' dir='ltr'>οἰκέομεν</span> <span class='ocrx_word' id='word_1_7' title='bbox 338 214 384 272; x_wconf 85' lang='grc' dir='ltr'>καὶ</span> <span class='ocrx_word' id='word_1_8' title='bbox 398 212 463 288; x_wconf 82' lang='grc' dir='ltr'>ύμῖν</span> <span class='ocrx_word' id='word_1_9' title='bbox 482 210 576 286; x_wconf 83' lang='grc' dir='ltr'>τοιήδε</span> <span class='ocrx_word' id='word_1_10' title='bbox 591 238 634 275; x_wconf 89' lang='grc' dir='ltr'>τις</span> <span class='ocrx_word' id='word_1_11' title='bbox 650 211 749 294; x_wconf 90' lang='grc' dir='ltr'>γένοιτ’</span> <span class='ocrx_word' id='word_1_12' title='bbox 763 210 797 273; x_wconf 82' lang='grc' dir='ltr'>ἂν</span> <span class='ocrx_word' id='word_1_13' title='bbox 813 212 955 290; x_wconf 79' lang='grc' dir='ltr'>ἐπικουρίη</span> 
     </span>
     <span class='ocr_line' id='line_1_3' title="bbox 158 296 956 380; baseline 0 -20"><span class='ocrx_word' id='word_1_14' title='bbox 158 302 261 380; x_wconf 89' lang='grc' dir='ltr'>ψυχρή·</span> <span class='ocrx_word' id='word_1_15' title='bbox 284 301 403 378; x_wconf 84' lang='grc' dir='ltr'>φθαίητε</span> <span class='ocrx_word' id='word_1_16' title='bbox 416 299 472 380; x_wconf 77' lang='grc' dir='ltr'>γάρ</span> <span class='ocrx_word' id='word_1_17' title='bbox 486 296 519 358; x_wconf 82' lang='grc' dir='ltr'>ἂν</span> <span class='ocrx_word' id='word_1_18' title='bbox 532 299 673 364; x_wconf 75' lang='grc' dir='ltr'>πολλάκις</span> <span class='ocrx_word' id='word_1_19' title='bbox 693 300 956 377; x_wconf 78' lang='grc' dir='ltr'>ἐξανδραποδισθέν-</span> 
     </span>
     <span class='ocr_line' id='line_1_4' title="bbox 159 387 956 464; baseline -0.003 -16"><span class='ocrx_word' id='word_1_20' title='bbox 159 415 202 452; x_wconf 90' lang='grc' dir='ltr'>τες</span> <span class='ocrx_word' id='word_1_21' title='bbox 215 388 234 464; x_wconf 83' lang='grc' dir='ltr'><em>ἦ</em></span> <span class='ocrx_word' id='word_1_22' title='bbox 247 416 308 449; x_wconf 90' lang='grc' dir='ltr'>τινα</span> <span class='ocrx_word' id='word_1_23' title='bbox 322 387 492 448; x_wconf 88' lang='grc' dir='ltr'>πυθέσθαι</span> <span class='ocrx_word' id='word_1_24' title='bbox 474 388 575 463; x_wconf 90' lang='grc' dir='ltr'>ημέων·</span> <span class='ocrx_word' id='word_1_25' title='bbox 597 387 907 464; x_wconf 85' lang='grc' dir='ltr'>συμβουλεύομενδέ</span> <span class='ocrx_word' id='word_1_26' title='bbox 863 390 956 464; x_wconf 88' lang='grc' dir='ltr'>ευμῖν</span> 
     </span>
     <span class='ocr_line' id='line_1_5' title="bbox 159 474 954 588; baseline -0.003 -52"><span class='ocrx_word' id='word_1_27' title='bbox 159 477 281 537; x_wconf 87' lang='grc' dir='ltr'>δοῦναι</span> <span class='ocrx_word' id='word_1_28' title='bbox 265 478 350 554; x_wconf 89' lang='grc' dir='ltr'>υμέας</span> <span class='ocrx_word' id='word_1_29' title='bbox 364 475 461 537; x_wconf 78' lang='grc' dir='ltr'>αὐτοῦς</span> <span class='ocrx_word' id='word_1_30' title='bbox 478 474 668 588; x_wconf 76' lang='grc' dir='ltr'>Αθηναῖοισι,</span> <span class='ocrx_word' id='word_1_31' title='bbox 676 475 920 582; x_wconf 78' lang='grc' dir='ltr'>πλησιοχώροισι</span> <span class='ocrx_word' id='word_1_32' title='bbox 923 500 954 534; x_wconf 90' lang='grc' dir='ltr'>τε</span> 
     </span>
     <span class='ocr_line' id='line_1_6' title="bbox 159 561 956 642; baseline -0.005 -18"><span class='ocrx_word' id='word_1_33' title='bbox 159 563 277 642; x_wconf 80' lang='grc' dir='ltr'>α’νδράσι</span> <span class='ocrx_word' id='word_1_34' title='bbox 299 566 344 623; x_wconf 88' lang='grc' dir='ltr'>καὶ</span> <span class='ocrx_word' id='word_1_35' title='bbox 367 589 509 640; x_wconf 89' lang='grc' dir='ltr'>τιμωρεειν</span> <span class='ocrx_word' id='word_1_36' title='bbox 534 567 613 623; x_wconf 88' lang='grc' dir='ltr'>ἐοῦσι</span> <span class='ocrx_word' id='word_1_37' title='bbox 636 562 668 622; x_wconf 84' lang='grc' dir='ltr'>οῦ</span> <span class='ocrx_word' id='word_1_38' title='bbox 690 561 827 623; x_wconf 86' lang='grc' dir='ltr'>κακοῖσι.”</span> <span class='ocrx_word' id='word_1_39' title='bbox 867 566 956 623; x_wconf 91' lang='grc' dir='ltr'>ταῦτα</span> 
     </span>
     <span class='ocr_line' id='line_1_7' title="bbox 159 650 958 729; baseline -0.004 -17"><span class='ocrx_word' id='word_1_40' title='bbox 159 653 416 729; x_wconf 89' lang='grc' dir='ltr'>συνεβούλευον</span> <span class='ocrx_word' id='word_1_41' title='bbox 392 677 418 710; x_wconf 90' lang='grc' dir='ltr'>οι</span> <span class='ocrx_word' id='word_1_42' title='bbox 444 650 726 728; x_wconf 87' lang='grc' dir='ltr'>Λακεδαιμόνιοι,’</span> <span class='ocrx_word' id='word_1_43' title='bbox 694 679 726 711; x_wconf 89' lang='grc' dir='ltr'>ου</span> <span class='ocrx_word' id='word_1_44' title='bbox 752 650 823 711; x_wconf 79' lang='grc' dir='ltr'>κατά</span> <span class='ocrx_word' id='word_1_45' title='bbox 851 650 958 726; x_wconf 88' lang='grc' dir='ltr'>εύνοίην</span> 
     </span>
     <span class='ocr_line' id='line_1_8' title="bbox 160 737 958 816; baseline -0.005 -16"><span class='ocrx_word' id='word_1_46' title='bbox 160 740 230 800; x_wconf 89' lang='grc' dir='ltr'>οῦτω</span> <span class='ocrx_word' id='word_1_47' title='bbox 250 746 304 800; x_wconf 82' lang='grc' dir='ltr'>τῶν</span> <span class='ocrx_word' id='word_1_48' title='bbox 318 741 490 809; x_wconf 77' lang='grc' dir='ltr'>Πλαταιέων,</span> <span class='ocrx_word' id='word_1_49' title='bbox 505 739 540 802; x_wconf 83' lang='grc' dir='ltr'>(ῦς</span> <span class='ocrx_word' id='word_1_50' title='bbox 560 739 732 816; x_wconf 86' lang='grc' dir='ltr'>βουλόμενοι</span> <span class='ocrx_word' id='word_1_51' title='bbox 749 739 813 802; x_wconf 84' lang='grc' dir='ltr'>τοῦς</span> <span class='ocrx_word' id='word_1_52' title='bbox 830 737 958 814; x_wconf 88' lang='grc' dir='ltr'>Ἀθηναί·</span> 
     </span>
     <span class='ocr_line' id='line_1_9' title="bbox 160 826 958 908; baseline -0.004 -21"><span class='ocrx_word' id='word_1_53' title='bbox 160 855 207 892; x_wconf 88' lang='grc' dir='ltr'>ους</span> <span class='ocrx_word' id='word_1_54' title='bbox 225 831 297 908; x_wconf 88' lang='grc' dir='ltr'>ἐχειν</span> <span class='ocrx_word' id='word_1_55' title='bbox 317 829 417 891; x_wconf 90' lang='grc' dir='ltr'>πόνους</span> <span class='ocrx_word' id='word_1_56' title='bbox 438 832 628 890; x_wconf 79' lang='grc' dir='ltr'>συνεστεῶτας</span> <span class='ocrx_word' id='word_1_57' title='bbox 646 832 803 889; x_wconf 83' lang='grc' dir='ltr'>Βοιωτοῖσι·</span> <span class='ocrx_word' id='word_1_58' title='bbox 824 826 958 886; x_wconf 90' lang='grc' dir='ltr'>Λακεδαι·</span> 
     </span>
     <span class='ocr_line' id='line_1_10' title="bbox 159 915 959 994; baseline -0.005 -18"><span class='ocrx_word' id='word_1_59' title='bbox 159 917 250 993; x_wconf 88' lang='grc' dir='ltr'>μόνιοι</span> <span class='ocrx_word' id='word_1_60' title='bbox 263 919 315 994; x_wconf 92' lang='grc' dir='ltr'>μέν</span> <span class='ocrx_word' id='word_1_61' title='bbox 329 945 375 976; x_wconf 94' lang='grc' dir='ltr'>νυν</span> <span class='ocrx_word' id='word_1_62' title='bbox 391 920 569 976; x_wconf 84' lang='grc' dir='ltr'>Πλαταιεῦσι</span> <span class='ocrx_word' id='word_1_63' title='bbox 589 921 676 976; x_wconf 91' lang='grc' dir='ltr'>ταῦτα</span> <span class='ocrx_word' id='word_1_64' title='bbox 695 915 909 992; x_wconf 89' lang='grc' dir='ltr'>συνεβούλευον·</span> <span class='ocrx_word' id='word_1_65' title='bbox 932 916 959 972; x_wconf 83' lang='grc' dir='ltr'>οἶ</span> 
     </span>
     <span class='ocr_line' id='line_1_11' title="bbox 160 1002 959 1080; baseline -0.001 -18"><span class='ocrx_word' id='word_1_66' title='bbox 160 1004 189 1063; x_wconf 86' lang='grc' dir='ltr'>δὲ</span> <span class='ocrx_word' id='word_1_67' title='bbox 211 1006 259 1064; x_wconf 84' lang='grc' dir='ltr'>οῦκ</span> <span class='ocrx_word' id='word_1_68' title='bbox 281 1005 452 1080; x_wconf 80' lang='grc' dir='ltr'>ἠπίστησαν,</span> <span class='ocrx_word' id='word_1_69' title='bbox 476 1003 541 1062; x_wconf 73' lang='grc' dir='ltr'>ἀλλ’</span> <span class='ocrx_word' id='word_1_70' title='bbox 563 1002 716 1079; x_wconf 87' lang='grc' dir='ltr'>Ἀθηναίων</span> <span class='ocrx_word' id='word_1_71' title='bbox 741 1003 786 1080; x_wconf 77' lang='grc' dir='ltr'>ἱρά</span> <span class='ocrx_word' id='word_1_72' title='bbox 810 1002 959 1062; x_wconf 82' lang='grc' dir='ltr'>ποιεύντων</span> 
     </span>
     <span class='ocr_line' id='line_1_12' title="bbox 160 1089 959 1169; baseline -0.004 -18"><span class='ocrx_word' id='word_1_73' title='bbox 160 1097 236 1152; x_wconf 90' lang='grc' dir='ltr'>τοῖσι</span> <span class='ocrx_word' id='word_1_74' title='bbox 252 1093 354 1152; x_wconf 71' lang='grc' dir='ltr'>δώδεκα</span> <span class='ocrx_word' id='word_1_75' title='bbox 369 1095 467 1164; x_wconf 84' lang='grc' dir='ltr'>θεοῖσι,</span> <span class='ocrx_word' id='word_1_76' title='bbox 485 1092 572 1150; x_wconf 83' lang='grc' dir='ltr'>ἱκέται</span> <span class='ocrx_word' id='word_1_77' title='bbox 593 1092 712 1169; x_wconf 81' lang='grc' dir='ltr'>ἱζόμενοι</span> <span class='ocrx_word' id='word_1_78' title='bbox 733 1093 779 1150; x_wconf 88' lang='grc' dir='ltr'>ἐπὶ</span> <span class='ocrx_word' id='word_1_79' title='bbox 798 1091 847 1150; x_wconf 81' lang='grc' dir='ltr'>τόν</span> <span class='ocrx_word' id='word_1_80' title='bbox 860 1089 959 1166; x_wconf 78' lang='grc' dir='ltr'>βωμόν</span> 
     </span>
     <span class='ocr_line' id='line_1_13' title="bbox 162 1178 960 1256; baseline -0.004 -18"><span class='ocrx_word' id='word_1_81' title='bbox 162 1181 289 1241; x_wconf 87' lang='grc' dir='ltr'>ἐδίδοσαν</span> <span class='ocrx_word' id='word_1_82' title='bbox 303 1183 394 1254; x_wconf 90' lang='grc' dir='ltr'>σφέας</span> <span class='ocrx_word' id='word_1_83' title='bbox 408 1179 515 1242; x_wconf 86' lang='grc' dir='ltr'>αύτούς·</span> <span class='ocrx_word' id='word_1_84' title='bbox 530 1181 653 1254; x_wconf 76' lang='grc' dir='ltr'>Θηβαῖοι</span> <span class='ocrx_word' id='word_1_85' title='bbox 666 1179 695 1237; x_wconf 87' lang='grc' dir='ltr'>δέ</span> <span class='ocrx_word' id='word_1_86' title='bbox 708 1178 860 1256; x_wconf 89' lang='grc' dir='ltr'>πυθόμενοι</span> <span class='ocrx_word' id='word_1_87' title='bbox 873 1182 960 1237; x_wconf 88' lang='grc' dir='ltr'>ταῦτα</span> 
     </span>
     <span class='ocr_line' id='line_1_14' title="bbox 163 1265 962 1344; baseline -0.003 -18"><span class='ocrx_word' id='word_1_88' title='bbox 163 1267 361 1344; x_wconf 80' lang='grc' dir='ltr'>ἐστρατεύοντο</span> <span class='ocrx_word' id='word_1_89' title='bbox 379 1267 424 1325; x_wconf 82' lang='grc' dir='ltr'>ἐπὶ</span> <span class='ocrx_word' id='word_1_90' title='bbox 442 1266 506 1328; x_wconf 85' lang='grc' dir='ltr'>τοῦς</span> <span class='ocrx_word' id='word_1_91' title='bbox 519 1267 689 1336; x_wconf 79' lang='grc' dir='ltr'>Πλαταιέας,</span> <span class='ocrx_word' id='word_1_92' title='bbox 702 1265 846 1340; x_wconf 88' lang='grc' dir='ltr'>Ἀθηναῖοι</span> <span class='ocrx_word' id='word_1_93' title='bbox 863 1265 893 1324; x_wconf 89' lang='grc' dir='ltr'>δέ</span> <span class='ocrx_word' id='word_1_94' title='bbox 906 1272 962 1341; x_wconf 90' lang='grc' dir='ltr'>σφι</span> 
     </span>
     <span class='ocr_line' id='line_1_15' title="bbox 163 1353 961 1432; baseline -0.003 -18"><span class='ocrx_word' id='word_1_95' title='bbox 163 1355 307 1432; x_wconf 83' lang='grc' dir='ltr'>ἐβοήθεον·</span> <span class='ocrx_word' id='word_1_96' title='bbox 328 1353 491 1432; x_wconf 81' lang='grc' dir='ltr'>μελλόντων</span> <span class='ocrx_word' id='word_1_97' title='bbox 514 1353 543 1412; x_wconf 84' lang='grc' dir='ltr'>δὲ</span> <span class='ocrx_word' id='word_1_98' title='bbox 565 1353 715 1413; x_wconf 77' lang='grc' dir='ltr'>συνάπτειν</span> <span class='ocrx_word' id='word_1_99' title='bbox 736 1353 839 1432; x_wconf 87' lang='grc' dir='ltr'>μάχην,</span> <span class='ocrx_word' id='word_1_100' title='bbox 861 1354 961 1431; x_wconf 88' lang='grc' dir='ltr'>Κορίν-</span> 
     </span>
     <span class='ocr_line' id='line_1_16' title="bbox 163 1440 962 1520; baseline -0.003 -18"><span class='ocrx_word' id='word_1_101' title='bbox 163 1444 218 1503; x_wconf 90' lang='grc' dir='ltr'>θιοι</span> <span class='ocrx_word' id='word_1_102' title='bbox 232 1442 264 1502; x_wconf 84' lang='grc' dir='ltr'>ού</span> <span class='ocrx_word' id='word_1_103' title='bbox 278 1444 426 1520; x_wconf 80' lang='grc' dir='ltr'>περιεῖδον·</span> <span class='ocrx_word' id='word_1_104' title='bbox 449 1441 655 1520; x_wconf 83' lang='grc' dir='ltr'>παρατυχόντες</span> <span class='ocrx_word' id='word_1_105' title='bbox 669 1442 698 1500; x_wconf 85' lang='grc' dir='ltr'>δέ</span> <span class='ocrx_word' id='word_1_106' title='bbox 712 1442 758 1500; x_wconf 84' lang='grc' dir='ltr'>καὶ</span> <span class='ocrx_word' id='word_1_107' title='bbox 771 1440 962 1512; x_wconf 82' lang='grc' dir='ltr'>καταλλάξαν-</span> 
     </span>
     <span class='ocr_line' id='line_1_17' title="bbox 162 1528 963 1609; baseline 0.001 -20"><span class='ocrx_word' id='word_1_108' title='bbox 162 1557 206 1593; x_wconf 90' lang='grc' dir='ltr'>τες</span> <span class='ocrx_word' id='word_1_109' title='bbox 227 1529 431 1608; x_wconf 79' lang='grc' dir='ltr'>ἐπιτρεψάντων</span> <span class='ocrx_word' id='word_1_110' title='bbox 452 1530 626 1606; x_wconf 79' lang='grc' dir='ltr'>ἀμφοτέρων,</span> <span class='ocrx_word' id='word_1_111' title='bbox 648 1528 765 1607; x_wconf 78' lang='grc' dir='ltr'>οὔρισαν</span> <span class='ocrx_word' id='word_1_112' title='bbox 791 1529 844 1605; x_wconf 74' lang='grc' dir='ltr'>τήν</span> <span class='ocrx_word' id='word_1_113' title='bbox 869 1529 963 1609; x_wconf 80' lang='grc' dir='ltr'>χώρην</span> 
     </span>
     <span class='ocr_line' id='line_1_18' title="bbox 163 1616 961 1694; baseline 0 -18"><span class='ocrx_word' id='word_1_114' title='bbox 163 1620 208 1678; x_wconf 85' lang='grc' dir='ltr'>ἐπὶ</span> <span class='ocrx_word' id='word_1_115' title='bbox 227 1618 332 1678; x_wconf 91' lang='grc' dir='ltr'>τοῖσδε·</span> <span class='ocrx_word' id='word_1_116' title='bbox 355 1623 402 1677; x_wconf 83' lang='grc' dir='ltr'>εἰῖν</span> <span class='ocrx_word' id='word_1_117' title='bbox 416 1619 560 1693; x_wconf 81' lang='grc' dir='ltr'>Θηβαίους</span> <span class='ocrx_word' id='word_1_118' title='bbox 574 1621 702 1677; x_wconf 79' lang='grc' dir='ltr'>Βοιωτῶν</span> <span class='ocrx_word' id='word_1_119' title='bbox 721 1617 786 1681; x_wconf 84' lang='grc' dir='ltr'>τοῦς</span> <span class='ocrx_word' id='word_1_120' title='bbox 803 1616 843 1694; x_wconf 75' lang='grc' dir='ltr'><em>μή</em></span> <span class='ocrx_word' id='word_1_121' title='bbox 857 1619 961 1693; x_wconf 88' lang='grc' dir='ltr'>βουλο-</span> 
     </span>
     <span class='ocr_line' id='line_1_19' title="bbox 162 1705 962 1784; baseline -0.001 -18"><span class='ocrx_word' id='word_1_122' title='bbox 162 1707 260 1782; x_wconf 85' lang='grc' dir='ltr'>μένους</span> <span class='ocrx_word' id='word_1_123' title='bbox 274 1712 300 1770; x_wconf 86' lang='grc' dir='ltr'>ἐς</span> <span class='ocrx_word' id='word_1_124' title='bbox 311 1706 447 1769; x_wconf 77' lang='grc' dir='ltr'>Βοιωτούς</span> <span class='ocrx_word' id='word_1_125' title='bbox 460 1707 575 1765; x_wconf 88' lang='grc' dir='ltr'>τελέειν.</span> <span class='ocrx_word' id='word_1_126' title='bbox 605 1706 750 1782; x_wconf 88' lang='grc' dir='ltr'>Κορίνθιοι</span> <span class='ocrx_word' id='word_1_127' title='bbox 762 1705 860 1784; x_wconf 82' lang='grc' dir='ltr'>μὲνδὴ</span> <span class='ocrx_word' id='word_1_128' title='bbox 874 1710 962 1765; x_wconf 88' lang='grc' dir='ltr'>ταῦτα</span> 
     </span>
     <span class='ocr_line' id='line_1_20' title="bbox 162 1793 962 1875; baseline -0.003 -21"><span class='ocrx_word' id='word_1_129' title='bbox 162 1793 273 1875; x_wconf 86' lang='grc' dir='ltr'>γνόντες</span> <span class='ocrx_word' id='word_1_130' title='bbox 283 1793 519 1853; x_wconf 86' lang='grc' dir='ltr'>α’παλλάσσοντο·</span> <span class='ocrx_word' id='word_1_131' title='bbox 540 1793 715 1869; x_wconf 88' lang='grc' dir='ltr'>Ἀθηναίοισι</span> <span class='ocrx_word' id='word_1_132' title='bbox 729 1794 759 1852; x_wconf 81' lang='grc' dir='ltr'>δὲ</span> <span class='ocrx_word' id='word_1_133' title='bbox 772 1793 888 1853; x_wconf 77' lang='grc' dir='ltr'>ἀπιοῦσι</span> <span class='ocrx_word' id='word_1_134' title='bbox 902 1800 962 1852; x_wconf 90' lang='grc' dir='ltr'>ε’πε·</span> 
     </span>
     <span class='ocr_line' id='line_1_21' title="bbox 164 1880 961 1960; baseline -0.001 -20"><span class='ocrx_word' id='word_1_135' title='bbox 164 1881 283 1957; x_wconf 81' lang='grc' dir='ltr'>θήκαντο</span> <span class='ocrx_word' id='word_1_136' title='bbox 294 1883 420 1952; x_wconf 86' lang='grc' dir='ltr'>Βοιωτοὶ,</span> <span class='ocrx_word' id='word_1_137' title='bbox 432 1883 588 1958; x_wconf 84' lang='grc' dir='ltr'>ἐπιθέμενοι</span> <span class='ocrx_word' id='word_1_138' title='bbox 602 1881 631 1940; x_wconf 84' lang='grc' dir='ltr'>δὲ</span> <span class='ocrx_word' id='word_1_139' title='bbox 646 1881 815 1958; x_wconf 75' lang='grc' dir='ltr'>ἑσσώθησαν</span> <span class='ocrx_word' id='word_1_140' title='bbox 828 1880 961 1960; x_wconf 78' lang='grc' dir='ltr'>τῇμάχη·</span> 
     </span>
     <span class='ocr_line' id='line_1_22' title="bbox 164 1967 963 2046; baseline 0 -18"><span class='ocrx_word' id='word_1_141' title='bbox 164 1967 335 2046; x_wconf 86' lang='grc' dir='ltr'>ῦπερβάντες</span> <span class='ocrx_word' id='word_1_142' title='bbox 348 1969 378 2028; x_wconf 80' lang='grc' dir='ltr'>δὲ</span> <span class='ocrx_word' id='word_1_143' title='bbox 392 1972 418 2028; x_wconf 85' lang='grc' dir='ltr'>οἱ</span> <span class='ocrx_word' id='word_1_144' title='bbox 432 1968 576 2044; x_wconf 88' lang='grc' dir='ltr'>Ἀθηναῖοι</span> <span class='ocrx_word' id='word_1_145' title='bbox 588 1969 653 2032; x_wconf 86' lang='grc' dir='ltr'>τοῦς</span> <span class='ocrx_word' id='word_1_146' title='bbox 666 1972 693 2028; x_wconf 80' lang='grc' dir='ltr'>οἱ</span> <span class='ocrx_word' id='word_1_147' title='bbox 703 1969 848 2045; x_wconf 85' lang='grc' dir='ltr'>Κορίνθιοι</span> <span class='ocrx_word' id='word_1_148' title='bbox 862 1969 963 2044; x_wconf 84' lang='grc' dir='ltr'>ἔθηκαν</span> 
     </span>
     <span class='ocr_line' id='line_1_23' title="bbox 165 2054 962 2134; baseline -0.001 -19"><span class='ocrx_word' id='word_1_149' title='bbox 165 2062 340 2116; x_wconf 90' lang='grc' dir='ltr'>Πλαταιεῦσι</span> <span class='ocrx_word' id='word_1_150' title='bbox 365 2057 433 2117; x_wconf 83' lang='grc' dir='ltr'>εἶναι</span> <span class='ocrx_word' id='word_1_151' title='bbox 458 2056 563 2134; x_wconf 80' lang='grc' dir='ltr'>οὔρους,</span> <span class='ocrx_word' id='word_1_152' title='bbox 586 2056 701 2118; x_wconf 81' lang='grc' dir='ltr'>τούτους</span> <span class='ocrx_word' id='word_1_153' title='bbox 721 2055 893 2132; x_wconf 77' lang='grc' dir='ltr'>ὑπερβάντες</span> <span class='ocrx_word' id='word_1_154' title='bbox 914 2054 962 2114; x_wconf 78' lang='grc' dir='ltr'>τόν</span> 
     </span>
     <span class='ocr_line' id='line_1_24' title="bbox 164 2137 965 2220; baseline 0 -19"><span class='ocrx_word' id='word_1_155' title='bbox 164 2137 294 2204; x_wconf 77' lang='grc' dir='ltr'>Ἀσωπόν</span> <span class='ocrx_word' id='word_1_156' title='bbox 316 2144 400 2204; x_wconf 79' lang='grc' dir='ltr'>αὐτόν</span> <span class='ocrx_word' id='word_1_157' title='bbox 423 2143 591 2220; x_wconf 89' lang='grc' dir='ltr'>ἐποιήσαντο</span> <span class='ocrx_word' id='word_1_158' title='bbox 614 2143 696 2219; x_wconf 83' lang='grc' dir='ltr'>οῦρον</span> <span class='ocrx_word' id='word_1_159' title='bbox 717 2142 872 2218; x_wconf 81' lang='grc' dir='ltr'>Θηβαίοισι</span> <span class='ocrx_word' id='word_1_160' title='bbox 896 2143 965 2218; x_wconf 80' lang='grc' dir='ltr'>πρός</span> 
     </span>
     <span class='ocr_line' id='line_1_25' title="bbox 165 2227 965 2305; baseline -0.004 -14"><span class='ocrx_word' id='word_1_161' title='bbox 165 2234 325 2294; x_wconf 88' lang='grc' dir='ltr'>Πλαταιέας</span> <span class='ocrx_word' id='word_1_162' title='bbox 339 2232 408 2292; x_wconf 87' lang='grc' dir='ltr'>εἶναι</span> <span class='ocrx_word' id='word_1_163' title='bbox 419 2233 465 2291; x_wconf 85' lang='grc' dir='ltr'>καὶ</span> <span class='ocrx_word' id='word_1_164' title='bbox 478 2231 582 2294; x_wconf 81' lang='grc' dir='ltr'>Ὑσιάς.</span> <span class='ocrx_word' id='word_1_165' title='bbox 619 2231 720 2290; x_wconf 82' lang='grc' dir='ltr'>ἔδοσαν</span> <span class='ocrx_word' id='word_1_166' title='bbox 732 2232 784 2305; x_wconf 82' lang='grc' dir='ltr'>μὲν</span> <span class='ocrx_word' id='word_1_167' title='bbox 798 2227 831 2304; x_wconf 76' lang='grc' dir='ltr'>δή</span> <span class='ocrx_word' id='word_1_168' title='bbox 847 2231 873 2288; x_wconf 87' lang='grc' dir='ltr'>οἱ</span> <span class='ocrx_word' id='word_1_169' title='bbox 884 2234 965 2288; x_wconf 89' lang='grc' dir='ltr'>Πλα-</span> 
     </span>
     <span class='ocr_line' id='line_1_26' title="bbox 164 2315 964 2398; baseline -0.004 -21"><span class='ocrx_word' id='word_1_170' title='bbox 164 2321 251 2382; x_wconf 86' lang='grc' dir='ltr'>ταιέες</span> <span class='ocrx_word' id='word_1_171' title='bbox 262 2321 353 2396; x_wconf 89' lang='grc' dir='ltr'>σφέας</span> <span class='ocrx_word' id='word_1_172' title='bbox 364 2319 463 2383; x_wconf 80' lang='grc' dir='ltr'>αὐτοῦς</span> <span class='ocrx_word' id='word_1_173' title='bbox 476 2317 652 2393; x_wconf 87' lang='grc' dir='ltr'>Ἀθηναίοισι</span> <span class='ocrx_word' id='word_1_174' title='bbox 665 2315 758 2396; x_wconf 82' lang='grc' dir='ltr'>τρόπῳ</span> <span class='ocrx_word' id='word_1_175' title='bbox 772 2320 810 2395; x_wconf 78' lang='grc' dir='ltr'>τῷ</span> <span class='ocrx_word' id='word_1_176' title='bbox 824 2317 964 2398; x_wconf 76' lang='grc' dir='ltr'>εἰρημένῳ·</span> 
     </span>
     <span class='ocr_line' id='line_1_27' title="bbox 164 2405 793 2484; baseline -0.003 -19"><span class='ocrx_word' id='word_1_177' title='bbox 164 2405 234 2482; x_wconf 84' lang='grc' dir='ltr'>ἧκον</span> <span class='ocrx_word' id='word_1_178' title='bbox 254 2407 282 2466; x_wconf 83' lang='grc' dir='ltr'>δέ</span> <span class='ocrx_word' id='word_1_179' title='bbox 302 2408 366 2467; x_wconf 87' lang='grc' dir='ltr'>τότε</span> <span class='ocrx_word' id='word_1_180' title='bbox 388 2414 414 2471; x_wconf 88' lang='grc' dir='ltr'>ἐς</span> <span class='ocrx_word' id='word_1_181' title='bbox 436 2407 598 2484; x_wconf 83' lang='grc' dir='ltr'>Μαραθῶνα</span> <span class='ocrx_word' id='word_1_182' title='bbox 617 2405 793 2481; x_wconf 89' lang='grc' dir='ltr'>βοηθέοντες.</span> 
     </span>
    </p>

    <p class='ocr_par' dir='ltr' id='par_1_2' title="bbox 165 2489 1012 3362">
     <span class='ocr_line' id='line_1_28' title="bbox 207 2489 1012 2574; baseline 0.001 -21"><span class='ocrx_word' id='word_1_183' title='bbox 207 2499 289 2554; x_wconf 84' lang='grc' dir='ltr'>Τοῖσι</span> <span class='ocrx_word' id='word_1_184' title='bbox 302 2497 331 2555; x_wconf 85' lang='grc' dir='ltr'>δὲ</span> <span class='ocrx_word' id='word_1_185' title='bbox 343 2496 498 2572; x_wconf 86' lang='grc' dir='ltr'>Ἀθηναίων</span> <span class='ocrx_word' id='word_1_186' title='bbox 508 2497 695 2574; x_wconf 77' lang='grc' dir='ltr'>στρατηγοῖσι</span> <span class='ocrx_word' id='word_1_187' title='bbox 705 2494 829 2574; x_wconf 88' lang='grc' dir='ltr'>ἐγίνοντο</span> <span class='ocrx_word' id='word_1_188' title='bbox 843 2494 907 2574; x_wconf 88' lang='grc' dir='ltr'>δίχα</span> <span class='ocrx_word' id='word_1_189' title='bbox 918 2497 947 2554; x_wconf 81' lang='grc' dir='ltr'>αἱ</span> <span class='ocrx_word' id='word_1_190' title='bbox 956 2489 1012 2554; x_wconf 78' lang='grc'>109</span> 
     </span>
     <span class='ocr_line' id='line_1_29' title="bbox 165 2580 967 2663; baseline 0.005 -23"><span class='ocrx_word' id='word_1_191' title='bbox 165 2585 280 2663; x_wconf 86' lang='grc' dir='ltr'>γνιῦμαι,</span> <span class='ocrx_word' id='word_1_192' title='bbox 294 2589 349 2644; x_wconf 84' lang='grc' dir='ltr'>τῶν</span> <span class='ocrx_word' id='word_1_193' title='bbox 368 2587 419 2661; x_wconf 78' lang='grc' dir='ltr'>μὲν</span> <span class='ocrx_word' id='word_1_194' title='bbox 441 2582 490 2644; x_wconf 85' lang='grc' dir='ltr'>οῦκ</span> <span class='ocrx_word' id='word_1_195' title='bbox 511 2581 615 2642; x_wconf 85' lang='grc' dir='ltr'>ἐιύντων</span> <span class='ocrx_word' id='word_1_196' title='bbox 639 2580 829 2658; x_wconf 79' lang='grc' dir='ltr'>συμβάλλειν·</span> <span class='ocrx_word' id='word_1_197' title='bbox 854 2582 967 2663; x_wconf 79' lang='grc' dir='ltr'>ὀλίγους</span> 
     </span>
     <span class='ocr_line' id='line_1_30' title="bbox 165 2669 967 2750; baseline 0.001 -22"><span class='ocrx_word' id='word_1_198' title='bbox 165 2671 220 2750; x_wconf 77' lang='grc' dir='ltr'>γάρ</span> <span class='ocrx_word' id='word_1_199' title='bbox 245 2671 314 2732; x_wconf 78' lang='grc' dir='ltr'>εἶναι</span> <span class='ocrx_word' id='word_1_200' title='bbox 336 2675 455 2750; x_wconf 84' lang='grc' dir='ltr'>στρατιῇ</span> <span class='ocrx_word' id='word_1_201' title='bbox 475 2675 510 2750; x_wconf 76' lang='grc' dir='ltr'>τῇ</span> <span class='ocrx_word' id='word_1_202' title='bbox 532 2669 637 2746; x_wconf 84' lang='grc' dir='ltr'>Μήδων</span> <span class='ocrx_word' id='word_1_203' title='bbox 658 2670 842 2746; x_wconf 87' lang='grc' dir='ltr'>συμβαλέειν·</span> <span class='ocrx_word' id='word_1_204' title='bbox 866 2675 922 2731; x_wconf 79' lang='grc' dir='ltr'>τῶν</span> <span class='ocrx_word' id='word_1_205' title='bbox 938 2670 967 2730; x_wconf 83' lang='grc' dir='ltr'>δέ</span> 
     </span>
     <span class='ocr_line' id='line_1_31' title="bbox 167 2757 968 2839; baseline 0.004 -24"><span class='ocrx_word' id='word_1_206' title='bbox 167 2759 213 2816; x_wconf 86' lang='grc' dir='ltr'>καὶ</span> <span class='ocrx_word' id='word_1_207' title='bbox 232 2759 392 2818; x_wconf 86' lang='grc' dir='ltr'>Μιλτιάδεω</span> <span class='ocrx_word' id='word_1_208' title='bbox 411 2758 588 2819; x_wconf 85' lang='grc' dir='ltr'>κελευόντων·</span> <span class='ocrx_word' id='word_1_209' title='bbox 613 2757 648 2821; x_wconf 78' lang='grc' dir='ltr'>ὥς</span> <span class='ocrx_word' id='word_1_210' title='bbox 667 2759 697 2817; x_wconf 84' lang='grc' dir='ltr'>δέ</span> <span class='ocrx_word' id='word_1_211' title='bbox 712 2758 778 2838; x_wconf 89' lang='grc' dir='ltr'>δίχα</span> <span class='ocrx_word' id='word_1_212' title='bbox 795 2784 826 2818; x_wconf 90' lang='grc' dir='ltr'>τε</span> <span class='ocrx_word' id='word_1_213' title='bbox 845 2759 968 2839; x_wconf 86' lang='grc' dir='ltr'>ἐγίνοντο</span> 
     </span>
     <span class='ocr_line' id='line_1_32' title="bbox 167 2845 968 2927; baseline 0.004 -24"><span class='ocrx_word' id='word_1_214' title='bbox 167 2847 213 2904; x_wconf 81' lang='grc' dir='ltr'>καὶ</span> <span class='ocrx_word' id='word_1_215' title='bbox 235 2848 309 2906; x_wconf 88' lang='grc' dir='ltr'>ἐνίκα</span> <span class='ocrx_word' id='word_1_216' title='bbox 329 2847 348 2923; x_wconf 77' lang='grc' dir='ltr'>ηι</span> <span class='ocrx_word' id='word_1_217' title='bbox 368 2847 467 2926; x_wconf 91' lang='grc' dir='ltr'>χείρων</span> <span class='ocrx_word' id='word_1_218' title='bbox 486 2851 541 2906; x_wconf 84' lang='grc' dir='ltr'>τῶν</span> <span class='ocrx_word' id='word_1_219' title='bbox 560 2848 697 2927; x_wconf 89' lang='grc' dir='ltr'>γνωμέων,</span> <span class='ocrx_word' id='word_1_220' title='bbox 716 2847 841 2915; x_wconf 86' lang='grc' dir='ltr'>ἐνθαῦτα,</span> <span class='ocrx_word' id='word_1_221' title='bbox 859 2845 894 2922; x_wconf 88' lang='grc' dir='ltr'>ἦν</span> <span class='ocrx_word' id='word_1_222' title='bbox 913 2846 968 2927; x_wconf 75' lang='grc' dir='ltr'>γὰρ</span> 
     </span>
     <span class='ocr_line' id='line_1_33' title="bbox 167 2933 970 3014; baseline 0.001 -22"><span class='ocrx_word' id='word_1_223' title='bbox 167 2933 309 2997; x_wconf 74' lang='grc' dir='ltr'>ἑνδέκατος</span> <span class='ocrx_word' id='word_1_224' title='bbox 320 2935 518 3012; x_wconf 85' lang='grc' dir='ltr'>ψηφιδοφόρος</span> <span class='ocrx_word' id='word_1_225' title='bbox 529 2933 545 2994; x_wconf 80' lang='grc' dir='ltr'>ό</span> <span class='ocrx_word' id='word_1_226' title='bbox 555 2939 593 3012; x_wconf 77' lang='grc' dir='ltr'>τῷ</span> <span class='ocrx_word' id='word_1_227' title='bbox 603 2933 697 3013; x_wconf 83' lang='grc' dir='ltr'>κυάμῳ</span> <span class='ocrx_word' id='word_1_228' title='bbox 711 2935 807 3014; x_wconf 79' lang='grc' dir='ltr'>λαχιῦν</span> <span class='ocrx_word' id='word_1_229' title='bbox 816 2933 970 3008; x_wconf 81' lang='grc' dir='ltr'>Ἀθηναίων</span> 
     </span>
     <span class='ocr_line' id='line_1_34' title="bbox 166 3018 970 3103; baseline 0 -25"><span class='ocrx_word' id='word_1_230' title='bbox 166 3024 381 3100; x_wconf 83' lang='grc' dir='ltr'>πολεμαρχέειν·</span> <span class='ocrx_word' id='word_1_231' title='bbox 402 3022 435 3082; x_wconf 79' lang='grc' dir='ltr'>τὰ</span> <span class='ocrx_word' id='word_1_232' title='bbox 453 3022 575 3082; x_wconf 77' lang='grc' dir='ltr'>παλαιόν</span> <span class='ocrx_word' id='word_1_233' title='bbox 591 3023 646 3103; x_wconf 74' lang='grc' dir='ltr'>γάρ</span> <span class='ocrx_word' id='word_1_234' title='bbox 660 3021 804 3097; x_wconf 87' lang='grc' dir='ltr'>Ἀθηναῖοι</span> <span class='ocrx_word' id='word_1_235' title='bbox 817 3018 970 3096; x_wconf 81' lang='grc' dir='ltr'>ὁμόψηφον</span> 
     </span>
     <span class='ocr_line' id='line_1_35' title="bbox 167 3105 970 3188; baseline 0.009 -20"><span class='ocrx_word' id='word_1_236' title='bbox 167 3107 217 3168; x_wconf 81' lang='grc' dir='ltr'>τόν</span> <span class='ocrx_word' id='word_1_237' title='bbox 243 3111 426 3188; x_wconf 93' lang='grc' dir='ltr'>πολέμαρχον</span> <span class='ocrx_word' id='word_1_238' title='bbox 449 3115 590 3170; x_wconf 88' lang='grc' dir='ltr'>ἐποιεῦντο</span> <span class='ocrx_word' id='word_1_239' title='bbox 613 3114 690 3168; x_wconf 90' lang='grc' dir='ltr'>τοῖσι</span> <span class='ocrx_word' id='word_1_240' title='bbox 713 3109 907 3186; x_wconf 65' lang='grc' dir='ltr'>στρατηγοῖσι,</span> <span class='ocrx_word' id='word_1_241' title='bbox 934 3105 970 3180; x_wconf 73' lang='grc' dir='ltr'>ἦν</span> 
     </span>
     <span class='ocr_line' id='line_1_36' title="bbox 168 3189 971 3276; baseline -0.002 -23"><span class='ocrx_word' id='word_1_242' title='bbox 168 3194 198 3253; x_wconf 81' lang='grc' dir='ltr'>δὲ</span> <span class='ocrx_word' id='word_1_243' title='bbox 218 3195 283 3255; x_wconf 87' lang='grc' dir='ltr'>τότε</span> <span class='ocrx_word' id='word_1_244' title='bbox 299 3199 479 3276; x_wconf 90' lang='grc' dir='ltr'>πολέμαρχος</span> <span class='ocrx_word' id='word_1_245' title='bbox 498 3198 687 3274; x_wconf 87' lang='grc' dir='ltr'>Καλλίμαχος</span> <span class='ocrx_word' id='word_1_246' title='bbox 702 3194 873 3268; x_wconf 87' lang='grc' dir='ltr'>Ἀφιδναῖος·</span> <span class='ocrx_word' id='word_1_247' title='bbox 900 3189 971 3268; x_wconf 83' lang='grc' dir='ltr'>πρδς</span> 
     </span>
     <span class='ocr_line' id='line_1_37' title="bbox 167 3279 970 3362; baseline -0.002 -20"><span class='ocrx_word' id='word_1_248' title='bbox 167 3287 268 3342; x_wconf 87' lang='grc' dir='ltr'>τοῦτον</span> <span class='ocrx_word' id='word_1_249' title='bbox 287 3283 377 3344; x_wconf 72' lang='grc' dir='ltr'>ἐλθολν</span> <span class='ocrx_word' id='word_1_250' title='bbox 397 3286 554 3360; x_wconf 85' lang='grc' dir='ltr'>Μιλτιάδης</span> <span class='ocrx_word' id='word_1_251' title='bbox 575 3286 653 3362; x_wconf 82' lang='grc' dir='ltr'>ἔλεγε</span> <span class='ocrx_word' id='word_1_252' title='bbox 674 3282 748 3340; x_wconf 89' lang='grc' dir='ltr'>τάδε·</span> <span class='ocrx_word' id='word_1_253' title='bbox 770 3291 787 3314; x_wconf 92' lang='lat'>“</span> <span class='ocrx_word' id='word_1_254' title='bbox 796 3283 825 3337; x_wconf 91' lang='grc' dir='ltr'>ἐν</span> <span class='ocrx_word' id='word_1_255' title='bbox 845 3279 894 3337; x_wconf 84' lang='grc' dir='ltr'>σοὶ</span> <span class='ocrx_word' id='word_1_256' title='bbox 914 3282 970 3348; x_wconf 85' lang='grc' dir='ltr'>νῦν,</span> 
     </span>
    </p>
   </div>
   <div class='ocr_carea' id='block_1_2' title="bbox 0 0 1154 3538">
    <p class='ocr_par' dir='ltr' id='par_1_3' title="bbox 0 0 1154 3538">
     <span class='ocr_line' id='line_1_38' title="bbox 0 0 1154 3538; baseline 0 0"><span class='ocrx_word' id='word_1_257' title='bbox 0 0 1154 3538; x_wconf 95' lang='lat' dir='ltr'> </span> 
     </span>
    </p>
   </div>
  </div>
 </body>
</html>
