2278 3538
160 146 272 209 61-65]
480 146 633 196 ΟἸῬΔΝῙᾸ.
911 148 958 195 243

159 226 259 295 θεαῖσι,
281 223 396 286 αύτύθεν
416 227 468 302 μὲν
489 231 519 286 ἐκ
541 228 701 303 Σαλαμῖνος
724 225 830 288 Α’ίαντυί
856 252 887 286 τε
913 228 959 286 καὶ

158 317 312 390 Τελαμῶνα
339 315 532 374 ε’πεκαλέοντο·
567 316 613 374 ε’πὶ
640 315 669 374 δὲ
696 315 800 375 Αἰακὸν
827 316 873 374 καὶ
895 315 960 378 τοῦς

158 400 263 464 ἅλλους
273 401 405 464 Αἰακίδας
418 405 471 477 νῆα
485 402 664 462 ἀπέστελλον
677 408 705 466 ἒς
718 404 843 483 Αἴγιναν.
880 402 959 479 Ἔφη
968 405 1005 462 65

158 489 187 548 δὲ
205 493 320 552 Δικαῖος
340 488 356 548 ὁ
377 489 535 559 Θεοκύδεος,
555 489 625 568 ἀνήρ
641 490 795 566 Ἀθηναῖος,
817 490 908 570 φυγάς
927 517 958 550 τε

157 578 204 636 καὶ
224 577 302 654 παρά
323 577 450 653 Μήδοισι
471 577 590 660 λόγιμος
610 579 758 660 γενόμενος
783 583 883 638 τοῦτον
909 579 959 639 τύν

156 666 266 744 χρόνον·
295 667 357 725 ε’πεί
374 692 405 725 τε
426 667 544 742 ἐκείρετο
564 667 583 743 ή
603 666 717 742 Ἀττική
737 666 814 746 χοίρη
834 665 889 726 ύτδ
908 671 959 726 τοῦ

156 755 240 824 πεζοῦ
254 757 378 831 στρατοῦ
391 757 442 814 τοῦ
453 755 568 831 Ξέρξεω,
581 759 669 814 ἐοῦσα
683 759 786 833 ἐρήμας
795 754 956 830 Ἀθηναίων,

156 846 249 920 τυχεῖν
261 841 326 900 τότε
340 841 390 902 ἐιύν
403 840 462 919 ἅμα
475 843 634 924 Δημαρήτῳ
651 846 690 922 τῷ
702 843 910 923 Λακεδαιμονίῳ
929 849 958 902 ἐν

156 934 194 1008 τῷ
206 931 332 1008 Θριασίῳ
345 929 438 1010 πεδίῳ·
461 930 526 990 ἰδεῖν
540 931 569 990 δὲ
583 931 724 1007 κονιορτόν
742 932 883 1010 χωρέοντα
901 930 957 991 ἀπδ

155 1015 326 1088 Ἐλευσῖνος,
341 1017 376 1082 ιύς
388 1017 494 1096 ἀνδρῶν
507 1019 635 1096 μα’λιστά
649 1046 683 1095 κη
693 1020 872 1096 τρισμυρίων·
889 1019 957 1080 ἀπο-

156 1106 292 1182 θωμάζειν
304 1107 336 1166 τέ
348 1113 440 1184 σφεας
455 1107 504 1167 τδν
517 1107 668 1184 κονιορτδν,
683 1107 767 1166 ὅτεών
781 1133 844 1167 κοτε
858 1109 899 1183 εἴη
912 1107 956 1168 ἀν·

156 1193 279 1271 θριύπων,
294 1196 340 1254 καὶ
357 1194 479 1272 πρόκατε
498 1200 591 1271 φωνῆς
610 1194 727 1265 ἀκούειν,
742 1195 788 1253 καὶ
802 1198 828 1254 οἱ
841 1196 957 1270 φαίνεσ-

156 1282 203 1342 θαι
222 1283 274 1358 τήν
292 1283 387 1359 φωνήν
403 1283 472 1342 εἶναι
490 1283 539 1342 τάν
560 1283 697 1360 μυστικύν
714 1283 822 1361 ἴακχον·
848 1282 916 1342 εἶναι
933 1282 956 1342 δ’

156 1370 299 1448 ἀδαήμονα
312 1375 367 1431 τῶν
381 1375 446 1448 ἶριῦν
458 1376 513 1431 τιῦν
527 1377 556 1431 έν
565 1371 708 1431 Ἐλευσῖνι
717 1371 767 1432 τᾶν
779 1371 956 1448 Δημάρητον,

156 1460 281 1536 εἴρεσθαί
298 1485 329 1519 τε
348 1458 432 1519 αύτδν
452 1459 467 1519 ὅ
488 1487 515 1519 τι
536 1459 569 1518 τδ
588 1460 781 1540 φθεγγόμενον
800 1461 841 1535 εἴη
858 1463 955 1530 τοῦτο;

156 1546 238 1612 αύτὸς
251 1549 281 1608 δὲ
295 1552 389 1608 εἰπεῖν·
412 1560 428 1584 “
438 1548 597 1626 Δημάρητε,
613 1547 662 1608 ούκ
680 1549 740 1608 ἔστι
754 1546 823 1612 ὅκως
838 1547 869 1607 ού
882 1549 957 1629 μέγα

155 1663 182 1696 τι
200 1640 277 1702 σίνος
296 1639 375 1697 ἔσται
393 1641 429 1716 τῇ
447 1639 587 1714 βασιλέος
600 1641 729 1716 στρατιῇ·
750 1637 816 1696 τάδε
829 1636 883 1718 γάρ
898 1637 956 1715 ἀρί-

155 1723 235 1800 δηλα,
250 1725 353 1802 ε’ρήμου
364 1726 463 1801 ἐούσης
473 1730 522 1800 τῆς
534 1723 671 1800 Ἀττικῆς,
685 1725 728 1786 ὅτι
742 1726 817 1785 θεῖον
826 1725 858 1784 τό
870 1726 956 1807 φθεγ-

154 1812 272 1890 γόμενον
291 1812 348 1872 ἀπὸ
362 1813 524 1876 Ἐλευσῖνος
539 1812 581 1874 {dv
595 1819 622 1877 ές
634 1816 768 1891 τιμωρίην
781 1814 959 1890 Ἀθηναίοισί

154 1925 185 1959 τε
203 1903 248 1960 καὶ
266 1905 342 1961 τοῖσι
360 1901 547 1980 συμμάχοισι·
570 1903 615 1961 καὶ
628 1900 663 1978 ἢν
675 1904 727 1980 μέν
739 1929 772 1983 γε
787 1902 955 1980 κατασκήψῃ

155 1993 181 2052 ές
199 1989 251 2065 τήν
267 1991 497 2066 Πελοπόννησον,
512 1990 634 2054 κίνδυνος
648 1990 720 2070 αύτῷ
733 2017 763 2050 τε
776 1991 897 2066 βασιλέί
910 1991 955 2048 καὶ

153 2080 406 2158 τῇστρατιῇτῇέν
418 2084 454 2156 τῇ
467 2075 570 2158 ήπείρῳ
584 2080 672 2138 ἔσται·
687 2077 761 2154 ἢνδὲ
775 2077 956 2153 ε’πὶτάςνῆας

151 2165 291 2241 ,τράπηται
300 2165 349 2229 τὰς
359 2172 388 2226 ε’ν
399 2169 547 2243 Σαλαμῖνι,
561 2166 610 2226 τδν
624 2167 752 2225 ναυτικόν
765 2164 887 2241 στρατδν
901 2191 955 2224 κιν-

154 2251 277 2312 δυνεύσει
290 2254 430 2329 βασιλεύς
443 2253 627 2329 ἀποβαλέειν·
647 2252 699 2328 τήν
712 2254 741 2312 δὲ
755 2252 840 2330 ὁρτήν
853 2252 955 2328 ταύτην

153 2337 255 2420 ἄγουσι
272 2341 416 2417 Ἀθηναῖοι
434 2341 487 2400 ἀνά
503 2342 594 2401 πάντα
611 2343 673 2400 ἔτεα
688 2345 723 2420 τῇ
743 2341 837 2417 Μητρὶ
852 2341 897 2399 καὶ
915 2345 952 2419 τῇ

155 2429 258 2507 Κούρῃ,
277 2430 323 2488 καὶ
341 2429 431 2490 αύτιῦν
448 2455 479 2489 τε
500 2429 515 2490 ὁ
531 2430 707 2507 βουλόμενος
724 2430 768 2488 καὶ
786 2433 841 2489 τιῦν
859 2429 955 2490 ἀλλων

152 2514 298 2592 Ἑλλήνων
317 2521 435 2594 μυεῖται·
458 2519 504 2576 καὶ
523 2517 575 2593 τήν
596 2517 698 2594 φωνήν,
721 2522 771 2594 τῆς
791 2517 906 2590 ἀκούεις,
925 2523 954 2578 ἓν

153 2602 239 2684 ταύτῃ
266 2608 302 2684 τῇ
329 2605 398 2685 ὁρτῇ
426 2604 616 2685 ίακχιίζουσι·”
651 2607 721 2682 πρὸς
752 2611 839 2666 ταῦτα
867 2610 953 2666 εἰπεῖν

153 2692 331 2769 Δημάρητον·
354 2705 371 2729 “
379 2694 449 2775 σίγα
467 2720 505 2764 τε,
526 2694 571 2751 καὶ
588 2695 685 2769 μηδενὶ
704 2694 784 2774 ἀλλιρ
799 2694 848 2754 τδν
867 2695 954 2776 λόγον

153 2784 252 2840 τοῦτον
273 2782 361 2861 εἴπης·
390 2780 424 2858 ἢν
440 2781 495 2862 γάρ
513 2807 557 2840 τοι
574 2787 601 2844 ές
619 2783 746 2856 βασιλέα
760 2782 905 2862 ἀνενειχθῇ
918 2782 954 2842 τά

154 2868 220 2928 ἔπεα
239 2874 335 2940 ταῦτα,
353 2870 524 2946 ἀποβαλέεις
541 2870 593 2944 τήν
612 2870 748 2945 κεφαλήν·
774 2872 822 2928 καί
838 2895 872 2929 σε
891 2870 953 2929 οῦτε

153 2956 207 3035 ε’γιδ
225 2957 380 3034 δυνήσομαι
393 2957 535 3035 ῥύσασθαι
555 2956 611 3016 οὔτ’
626 2956 714 3020 ἀλλος
728 2957 877 3032 ἀνθρώπων
891 2956 953 3016 ούδὲ

154 3043 200 3106 είς·
222 3044 286 3104 ἀλλ’
301 3045 340 3125 ἔχ’
354 3045 470 3124 ἥσυχος·
492 3047 556 3121 περὶ
569 3045 599 3104 δὲ
612 3048 746 3121 στρατιῆς
761 3044 848 3118 τῆσδε
862 3045 953 3102 θεοῖσι

152 3132 298 3208 μελήσει·”
318 3134 368 3193 τδν
384 3137 435 3209 μὲν
453 3133 487 3207 δή
503 3137 591 3192 ταῦτα
609 3133 774 3208 παραινέειν·
802 3136 831 3188 ἐκ
853 3130 882 3187 δὲ
902 3135 951 3190 τοῦ

153 3226 296 3297 κονιορτοῦ
318 3221 364 3279 καὶ
384 3225 434 3295 τῆς
455 3224 548 3295 φωνῆς
571 3220 703 3300 γενέσθαι
726 3219 818 3293 νέφος,
840 3217 886 3274 καὶ
905 3242 952 3293 με·

152 3309 307 3386 ταρσιωθὲν
321 3307 459 3384 φέρεσθαι
477 3307 523 3366 ε’πὶ
542 3309 702 3384 Σαλαμῖνος
719 3306 766 3364 ε’πὶ
785 3305 818 3365 τό
835 3305 951 3381 στρατό-
