2276 3538
178 149 235 199 ιιι·
479 151 662 198 Ἧοοιοποτ
898 145 976 212 [vn.

180 231 233 306 μὲν
251 227 304 304 τήν
324 229 419 307 ἑτέρην
433 233 489 290 τῶν
500 231 642 310 γεφυρέων
654 226 707 302 τήν
720 225 790 304 πρός
802 230 853 286 τοῦ
867 226 980 288 Πόντου

181 317 198 378 ό
212 316 294 388 πεζός
311 343 341 377 τε
355 319 400 376 καὶ
413 318 432 393 ἦ
447 319 531 380 ἵππος
548 317 654 386 ἅπασα,
669 314 738 373 κατοί
753 315 783 373 δὲ
796 315 848 390 την
861 314 932 391 πρός
945 315 978 376 τό

180 409 298 486 Αἰγαῖον
318 405 353 465 τὰ
375 405 510 485 ὐποζύγια
533 406 578 462 καὶ
598 405 617 480 ἦ
640 403 785 480 θεραπηίη·
810 403 927 483 ἡγέοντο
949 404 979 463 δέ

180 498 276 570 πρόιτα
289 497 340 570 μὲν
354 498 380 553 οἱ
392 493 486 571 μύριοι
500 494 612 569 Πέρσαι
630 491 853 566 ἐστεφανωμένοι
869 490 979 561 πάντες,

179 581 251 658 μετὰ
265 583 294 641 δὲ
306 582 420 645 τούτους
433 582 448 641 ό
460 583 614 658 σύμμικτος
623 579 742 656 στρατός
754 579 891 638 παντοίων
905 579 979 639 ἐθνέ-

181 697 227 730 ων.
268 671 370 746 ταύτην
383 673 435 746 μὲν
448 670 499 744 την
511 669 618 746 ἡμέρην
632 666 717 726 οὗτοι·
738 671 774 745 τῇ
792 667 822 724 δέ
835 666 979 745 ὑστεραίῃ,

634 757 641 778 λ
682 759 689 778 t
737 755 745 776 λ

180 763 286 835 πρῶτοι
300 761 351 834 μὲν
370 759 401 816 οἵ
414 784 445 816 τε
464 757 579 816 ἱππόται
597 783 643 815 και
664 781 691 814 οι
710 781 760 817 τας
777 754 884 836 λόγχας
906 755 979 814 κάτω

179 847 334 922 τρέποντες·
356 845 547 919 ἐστεφάνωντο
569 844 599 903 δὲ
619 845 665 902 καὶ
689 841 775 902 οὗτοι·
799 842 869 918 μετὰ
891 843 929 912 δὲ,
952 846 981 924 οἰ

350 931 570 956 «cxxxv
665 931 732 953 ΠΙ
862 929 965 954 τὶν

725 1017 877 1041 κατ’

179 1047 211 1080 τε
234 1022 339 1098 Ξέρξης
365 1022 411 1079 καὶ
435 1025 461 1079 οἱ
485 1021 665 1098 αἰχμοφόροι,
689 1045 735 1076 και
759 1045 785 1077 οι
808 1043 924 1077 ιπποται
952 1025 979 1081 οἱ

179 959 210 992 τε
232 934 313 992 ἵπποι
333 959 359 991 οι
378 959 432 1009 ιροι
446 959 491 991 και
504 959 537 992 το
551 958 628 1008 αρμιι
641 959 674 991 το
689 957 757 1008 ιρον·
779 932 822 989 ἐπὶ
844 930 881 998 δε,
895 956 979 994 αὐτος

178 1111 277 1188 χίλιοι·
292 1112 337 1169 ἐπὶ
350 1110 381 1168 δὲ
392 1109 519 1169 τούτοισι
531 1109 548 1168 ὁ
561 1108 650 1171 ἄλλος
663 1106 792 1184 στρατός·
814 1107 860 1164 καὶ
873 1109 902 1165 αἱ
915 1111 978 1182 νῆες

182 1197 242 1275 ἅμα
260 1197 396 1279 ἀνήγοντο
417 1204 445 1260 ἐς
465 1198 516 1272 τήν
537 1196 709 1256 ἀπεναντίον.
752 1193 805 1270 ἤδη
819 1194 853 1269 δή
867 1193 979 1270 ἥκουσα
1131 1217 1132 1280 γ

180 1287 226 1344 καὶ
246 1286 367 1346 ὕστατον
387 1287 519 1361 διαβῆναι
538 1286 666 1360 βασιλέα
685 1283 804 1342 πάντων.
944 1309 947 1312 ·
1131 1287 1132 1332 ί

131 1376 171 1434 56
220 1376 325 1450 Ξέρξης
339 1376 368 1434 δέ
382 1376 443 1433 ἐπεί
459 1400 490 1432 τε
504 1374 586 1449 διέβη
600 1378 628 1434 ἐς
645 1371 697 1446 τήν
710 1370 854 1447 Εὐρώπην,
869 1373 978 1447 ἐθηεῖτο

179 1461 228 1522 τόν
250 1461 372 1539 στρατόν
392 1461 447 1522 ὐπύ
468 1461 613 1540 μαστίγων
634 1461 824 1535 διαβαίνοντα·
845 1459 926 1534 διέβη
947 1461 978 1518 δὲ
1131 1453 1132 1500 3

179 1549 196 1609 ό
213 1550 334 1626 στρατός
351 1549 435 1608 αὐτοῦ
455 1554 483 1608 ἐν
502 1550 571 1607 ἔπτά
589 1548 710 1625 ἡμέρῃσι
730 1548 775 1604 καὶ
796 1552 825 1605 ἐν
846 1547 915 1605 ἑπτά
935 1547 976 1606 εὐ-

179 1637 311 1714 φρόνῃσι,
326 1636 455 1699 ἐλινύσας
469 1636 565 1695 οὐδένα
578 1635 690 1714 χρόνον.
725 1636 842 1694 ἐνθαῦτα
855 1635 977 1716 λέγεται,

178 1725 286 1801 Ξέρξεω
306 1723 359 1800 ἤδη
373 1723 577 1798 διαβεβηκότος
590 1723 639 1783 τόν
652 1723 875 1798 Ἑλλήσποντον,
890 1721 976 1800 ἄνδρα

179 1815 264 1870 εἰπεῖν
277 1812 510 1887 Ἑλλησπόντιον·
533 1811 581 1870 (ίῶ
595 1815 655 1880 Ζεῦ,
670 1813 701 1870 τί
718 1811 752 1886 δή
774 1810 852 1887 α’νδρὶ
872 1809 975 1886 εἰδόμε-

178 1925 224 1962 νος
242 1902 342 1978 Πέρση
364 1902 408 1958 καὶ
431 1900 535 1975 οὔνομα
558 1901 618 1959 ἀντὶ
639 1900 706 1962 Διός
727 1900 831 1976 Ξέρξεα
853 1901 975 1975 θέμενος,

178 1986 335 2048 α’νάστατον
348 1989 399 2063 τὴν
411 1987 537 2046 Ἑλλάδα
556 1990 660 2049 ἐθέλεις
673 1991 792 2062 ποιῆσαι
813 1985 887 2066 ἄγων
907 1987 974 2045 πάν-

176 2102 226 2139 τας
239 2075 415 2152 οἶνθροίπους;
438 2076 551 2156 καὶγὰρ
565 2076 629 2135 ἄνευ
640 2075 744 2134 τούτων
758 2075 823 2149 ἐξῆν
838 2100 882 2133 τοι
900 2075 974 2132 ποιέ-

177 2190 217 2224 ειν
235 2164 350 2224 ταῦτα.”

129 2251 167 2314 57
215 2253 266 2317 Ὡς
285 2254 315 2313 δὲ
333 2255 471 2328 διέβησαν
487 2253 595 2320 πάντες,
610 2258 637 2314 ἐς
651 2251 717 2310 όδύν
730 2251 918 2328 ὦρμημένοισι
931 2253 974 2311 τέ-

175 2367 227 2416 ρας
239 2348 295 2417 σφι
309 2341 398 2416 ἐφάνη
411 2342 491 2419 μέγα,
502 2339 535 2398 τό
546 2340 650 2415 Ξέρξης
664 2344 692 2397 ἐν
706 2339 796 2398 οὐδενὶ
810 2340 886 2419 λόγῳ
900 2345 973 2398 ἐποι-

175 2427 269 2502 ήσατο
286 2429 334 2486 καί
353 2455 405 2504 περ
426 2427 626 2503 εὐσύμβλητον
646 2427 701 2486 ἐόν·
724 2427 807 2490 ἵππος
824 2428 879 2506 γάρ
900 2429 975 2485 ἔτεκε

175 2515 274 2595 λαγόν.
317 2515 529 2594 (εὐσύμβλητον
552 2513 589 2572 ὧν
606 2515 673 2593 τῇδε
689 2518 773 2573 τοῦτο
795 2517 911 2594 ἐγένετο,
930 2515 975 2572 ότι

177 2604 278 2676 ἔμελλε
297 2605 349 2678 μὲν
370 2606 437 2660 ἐλᾶν
457 2602 591 2677 στρατιήν
607 2603 652 2660 ἐπὶ
665 2601 716 2676 τήν
728 2601 854 2658 Ἑλλάδα
868 2601 975 2676 Ξέρξης

175 2689 351 2769 ἀγαυρότατα
372 2690 417 2748 καί
437 2690 733 2768 μεγαλοπρεπέστατα,
750 2687 842 2746 ὀπίσω
877 2689 889 2744 ἐ
909 2690 974 2763 περὶ

175 2781 275 2836 ἑωυτοῦ
295 2779 399 2856 τρέχων
419 2777 494 2852 ἥξειν
508 2782 535 2838 ἐς
547 2777 597 2836 τόν
610 2777 695 2836 αὐτόν
710 2776 822 2855 χῶρον.)
865 2775 973 2855 ἐγένετο

175 2866 204 2926 δὲ
225 2865 271 2924 καὶ
292 2865 384 2943 ἕτερον
404 2865 476 2943 αὐτῷ
488 2866 568 2942 τέρας
582 2865 654 2924 ἐόντι
668 2870 697 2923 ἐν
711 2863 837 2940 Σάρδισι·
859 2863 974 2941 ἡμίονος

174 2955 229 3036 γάρ
244 2956 317 3014 ἔτεκε
330 2954 446 3032 ἡμίονον
459 2954 521 3022 διξοὶ
536 2955 656 3030 ἔχουσαν
670 2954 768 3022 αἰδοῖα,
782 2953 818 3012 τοὶ
831 2956 883 3029 μὲν
897 2954 973 3030 έρσε-

176 3070 229 3113 νος,
243 3042 278 3103 τοὶ
292 3043 320 3102 δὲ
334 3043 445 3119 θηλέης·
468 3040 622 3117 κατύπερθε
634 3041 663 3100 δὲ
676 3041 712 3117 ἦν
730 3041 765 3100 τὰ
781 3048 831 3101 τοῦ
851 3044 971 3120 ἔρσενος.

120 3132 166 3206 Ι58
177 3135 238 3190 Τῶν
251 3131 416 3208 α’μφοτέρων
430 3129 517 3211 λόγον
531 3128 628 3190 οὐδένα
642 3130 839 3206 ποιησάμενος,
852 3130 885 3190 τό
906 3127 972 3204 πρό·-

175 3245 217 3277 σω
238 3217 392 3296 ἐπορεύετο·
414 3219 467 3278 σύν
481 3218 512 3276 δέ
524 3221 550 3276 οἱ
563 3217 578 3277 ό
592 3219 674 3290 πεζός
688 3218 817 3297 στρατός·
839 3218 854 3278 ό
868 3218 898 3276 δὲ
910 3240 972 3274 ναυ-

174 3305 250 3370 τικύς
262 3307 313 3376 ἔξω
325 3307 375 3368 τόν
394 3304 609 3384 Ἑλλήσποντον
629 3309 730 3377 πλέων,
744 3306 820 3381 παρὰ
839 3308 894 3381 γῆν
914 3306 972 3360 ‘’xo-
