2268 3536
164 223 273 288 ll-lb]
466 223 669 272 ΤΕΡΨῙΧΟΡΗ.
949 223 964 267 5

163 303 258 380 χίονος
270 299 321 361 τόν
335 299 421 362 ἵππον
435 303 480 362 καὶ
494 304 660 380 στρέφουσα
672 303 722 365 τόν
731 301 877 379 ἄτρακτον.
906 305 964 359 Θω-
975 301 1012 359 13

163 389 258 466 μάζων
268 389 297 448 δὲ
310 389 326 449 ό
340 394 458 467 Δαρεῖος
470 391 547 451 τότε
557 391 661 468 ἤκουσε
672 397 701 451 ἐκ
714 395 770 451 τῶν
781 388 965 450 κατασκόπων

165 479 211 536 καὶ
224 477 259 537 τό
273 477 356 542 αύτός
370 479 435 557 ὥρα,
450 480 527 562 ἅγειν
538 479 624 556 αύτὴν
636 481 744 540 ἐκέλευε
755 483 842 558 ἑωυτῷ
852 484 880 541 ἐς
890 477 964 555 όψιν·

164 566 200 630 ὦς
216 567 246 626 δὲ
261 566 344 646 ἄχθη,
363 573 496 646 παρῆσαν
516 570 561 627 καὶ
578 572 605 629 οἱ
626 567 761 644 ἀδελφεοὶ
779 566 865 643 αύτῆς
884 565 916 626 οὗ
930 593 964 646 κη

163 655 263 733 πρόσω
281 657 404 732 σκοπιὴν
418 658 528 737 ἔχοντες
542 657 656 718 τούτων·
679 656 856 735 εἰρωτέωντος
870 654 900 714 δὲ
915 658 965 714 τοῦ
1002 657 1005 663 ’

164 746 285 821 Δαρείου
309 745 439 822 ὁποδαπὴ
461 747 519 822 εἵη;
556 747 667 822 ἔφασαν
688 749 715 805 οἱ
738 745 878 820 νεηνίσκοι
897 743 965 803 εἶναι

164 836 284 898 Παίονες
298 835 343 894 καὶ
357 837 462 910 ἐκείνην
476 836 544 895 εἶναι
555 837 651 911 σφέων
662 832 813 910 ἀδελφεήν·
827 831 842 892 ό
856 831 879 890 δ’
890 831 966 908 οἶμεί-

163 925 242 999 βετο,
257 925 329 986 τίνες
342 923 372 984 δὲ
385 927 412 983 οἱ
426 925 546 987 Παίονες
559 923 702 1002 ἄνθρωποί
713 927 776 993 εἶσι,
792 920 838 980 καὶ
852 925 901 980 κοῦ
914 924 967 1001 γῆς

163 1013 313 1088 οἰκημένοι,
328 1014 374 1072 καὶ
388 1014 418 1072 τί
429 1017 513 1072 κεῖνοι
532 1014 675 1076 ἐθέλοντες
689 1013 797 1072 ἔλθοιεν
811 1015 838 1073 ἐς
852 1009 965 1086 Σάρδις

182 1101 324 1124 (ltu

164 1125 191 1157 οι
229 1127 241 1158 ε
263 1127 289 1159 οι
310 1103 440 1177 εφραζον,
462 1101 498 1164 ὦς
518 1102 626 1162 ἔλθοιεν
645 1103 697 1177 μὲν
718 1100 810 1178 ἐκείνῳ
831 1097 968 1161 δώσοντες

166 1189 257 1260 σφέας
278 1189 383 1259 αὐτούς,
408 1191 450 1265 εἴη
471 1190 500 1248 δὲ
520 1189 539 1264 ἦ
562 1191 683 1265 Παιονίη
703 1190 749 1248 ἐπὶ
768 1192 807 1267 τῷ
827 1187 965 1263 Στρυμόνι

167 1279 283 1352 ποταμῷ
300 1279 504 1352 πεπολισμένη·
526 1276 586 1336 όδὲ
601 1277 734 1352 Στρυμόν
753 1275 785 1335 ού
804 1274 902 1351 πρόσω
916 1279 966 1334 τοῦ

166 1360 393 1437 Ἑλλησπόντου·
420 1364 517 1438 εἴησαν
537 1365 566 1422 δέ
587 1369 713 1440 Τευκρῶν
735 1367 789 1422 τῶν
813 1368 843 1421 ἐκ
867 1363 967 1438 Τροίης

165 1449 288 1510 ἄποικοι·
308 1454 334 1510 οἱ
350 1455 402 1528 μὲν
416 1451 450 1526 δὴ
464 1451 534 1510 αι’τιὶ
549 1452 653 1510 ἐκαστα
667 1452 774 1532 ἔλεγον·
794 1449 810 1510 ό
824 1449 854 1508 δὲ
868 1448 964 1526 εἰρώτα

94 1583 96 1590 1
165 1543 189 1598 εἰ
208 1541 254 1598 καὶ
273 1545 364 1600 πᾶσαι
381 1542 479 1617 εἴησαν
496 1540 596 1602 αύτόθι
614 1543 643 1599 αἱ
662 1545 788 1620 γυναῖκες
801 1539 871 1600 οὕτω
885 1539 963 1620 ἐργά-

163 1629 247 1698 τιδες;
270 1633 296 1688 οἶ
311 1631 340 1689 δὲ
354 1631 399 1689 καὶ
412 1633 496 1690 τοῦτο
508 1631 620 1706 ἔφασαν
637 1629 786 1708 προθύμως
799 1629 869 1689 οὕτω
883 1630 965 1708 ἐχειν·

164 1716 250 1776 αὐτοῦ
262 1719 317 1799 γάρ
332 1719 368 1778 ὦν
380 1719 480 1778 τούτου
494 1720 583 1779 εἵνεκα
596 1721 642 1778 καὶ
656 1720 786 1779 ἐποιέετο.

203 1805 342 1866 Ἐνθαῦτα
361 1812 479 1885 Δαρεῖος
495 1808 598 1888 γράφει
614 1808 768 1890 γράμματα
781 1807 852 1885 πρός
870 1806 965 1886 Μεγό-
976 1808 1013 1865 14

163 1895 263 1970 βαζον,
276 1895 325 1956 τόν
344 1897 422 1956 ἔλιπε
436 1901 465 1956 ἐν
478 1923 513 1976 τη
530 1897 637 1976 Θρηίκη
654 1895 823 1978 στρατηγόν,
838 1895 966 1955 ἐντελλό-

163 2009 246 2059 μενος
273 1985 463 2061 ἐξαναστῆσαι
490 1985 521 2054 ἐξ
545 1984 634 2060 ἠθέων
662 1985 793 2058 Παίονας,
823 1984 869 2042 καὶ
900 1981 965 2059 παρ’

164 2072 264 2132 ἑωυτόν
278 2071 393 2153 ἀγαγεῖν
405 2074 450 2132 καὶ
464 2071 564 2136 αύτούς
578 2075 624 2132 καὶ
637 2073 719 2132 τέκνα
733 2098 764 2132 τε
778 2073 824 2130 καὶ
834 2075 967 2152 γυναῖκας

164 2160 263 2220 αύτῶν.
305 2160 403 2220 αύτίκα
421 2162 451 2220 δὲ
469 2160 566 2224 ἱππεύς
585 2163 643 2222 ἐθεε
657 2163 750 2239 φέρων
763 2160 815 2236 τὴν
832 2159 967 2240 ἀγγελίην

164 2249 211 2310 ἐπὶ
227 2249 276 2308 τόν
294 2249 519 2323 Ἑλλήσποντον·
541 2251 702 2325 περαιωθεὶς
716 2249 746 2306 δὲ
760 2247 831 2306 διδοῖ
846 2247 878 2306 τό
897 2248 966 2322 βιβ·

164 2337 227 2397 λίον
245 2341 283 2416 τῷ
301 2337 474 2417 Μεγαβάζῳ·
499 2337 559 2396 όδέ
578 2335 783 2411 ἐπιλεξάμενος,
802 2334 847 2406 καὶ
867 2333 970 2410 λαβιόν

164 2423 302 2505 ἡγεμόνας
332 2431 362 2484 ἐκ
391 2429 441 2499 τῆς
470 2425 598 2501 Θρηίκης,
629 2422 810 2500 ἐστρατεύετο
838 2424 884 2482 ἐπὶ
915 2423 965 2499 την

164 2515 310 2590 Παιονίην.
353 2513 513 2589 Πυθόμενοι
541 2513 570 2572 δὲ
597 2516 623 2572 οἱ
653 2513 772 2576 Παίονες
800 2512 864 2576 τούς
892 2515 964 2590 Πέρ-
977 2516 1012 2572 15

164 2627 218 2666 σας
242 2604 288 2662 ἐπὶ
308 2604 401 2679 σφέας
423 2604 499 2673 ἰέναι,
524 2601 688 2666 ἁλισθέντες
712 2601 965 2679 ἐξεστρατεύσαντο

163 2689 234 2766 πρός
254 2690 414 2767 θαλάσσης·
436 2690 577 2754 δοκέοντες
594 2690 681 2770 ταύτη
701 2692 889 2770 ἐπιχειρήσειν
902 2689 967 2754 τούς

163 2779 279 2856 Πέρσας
303 2779 511 2856 ἐμβάλλοντας.
553 2782 579 2838 οἳ
606 2782 657 2856 μὲν
684 2780 717 2855 δὴ
745 2780 865 2842 Παίονες
891 2779 966 2855 ἦσαν

164 2869 270 2945 ἑτοῖμοι
283 2868 333 2927 τόν
347 2867 522 2948 Μεγαβάζου
536 2868 658 2944 στρατόν
677 2868 789 2928 ἐπιόντα
804 2868 918 2945 ἐρύκειν·
938 2870 964 2926 οἱ

163 2954 193 3013 δὲ
212 2959 324 3033 Πέρσαι
342 2955 496 3031 πυθόμενοι
512 2957 685 3016 συναλίσθαι
702 2956 768 3018 τούς
781 2957 906 3018 Παίονας
920 2956 966 3014 καὶ

160 3044 214 3118 τὴν
232 3044 302 3121 πρός
322 3042 472 3119 θαλάσσης
487 3044 616 3120 ἐσβολὴν
631 3044 842 3119 φυλάσσοντας,
857 3045 966 3120 ἔχοντες

161 3129 309 3212 ἡγεμόνας,
323 3131 376 3208 τήν
386 3131 441 3192 ἅνω
455 3132 520 3192 όδόν
533 3131 694 3209 τράπσνται·
712 3131 846 3193 λαθόντες
859 3129 889 3187 δέ
902 3128 966 3192 τούς

162 3222 288 3284 Παίονας
309 3221 481 3280 ἐσπίπτουσι
502 3226 529 3283 ἐς
549 3221 598 3284 τός
618 3220 721 3281 πόλιας
742 3219 838 3283 αὐτῶν,
864 3214 965 3277 ἐούσας

160 3306 268 3385 ἀνδρῶν
279 3309 406 3386 ἐρήμους·
418 3311 464 3370 οἶα
473 3309 503 3368 δὲ
515 3313 623 3387 κεινῇσι
633 3305 820 3370 ἐπιπεσόντες,
832 3300 965 3362 εὐπετέως

161 3398 311 3477 κατέσχον.
354 3401 381 3456 οἱ
395 3397 425 3456 δὲ
439 3398 558 3458 Παίονες
572 3396 607 3458 ὦς
621 3391 756 3453 ἐπύθοντο
770 3386 903 3464 ἐχομένας
916 3385 966 3446 ταὶς
1014 3439 1020 3448 ⁴.
