2276 3538
164 153 210 200 ιοο
476 148 652 198 υνοΔουου
882 149 958 213 [vn.

161 227 274 300 λόντων,
296 227 449 304 δασάμενοι
467 231 548 287 σῖτον
570 233 599 287 ἐν
619 231 688 306 τῇσι
709 226 810 287 πόλισι
829 231 856 287 οἰ
878 228 961 290 α’στοί

162 313 267 392 άλευρά
289 341 320 375 τε
344 317 390 374 καὶ
414 314 523 391 ἄλφιτα
547 317 655 374 ἐποίευν
679 315 779 378 πάντες
803 316 849 375 ἐπὶ
872 321 961 394 μῆνας

162 403 291 482 συχνούς·
310 407 394 464 τοῦτο
415 405 452 473 δέ,
467 403 566 480 κτήνεα
583 403 745 464 σιτεύεσκον
759 405 961 482 ἐξευρίσκοντες

162 496 245 568 τιμῆς
265 492 301 553 τό
324 492 474 563 κάλλιστα,
496 492 614 569 ἔτρεφόν
632 519 663 551 τε
682 490 793 569 ὄρνιθας
813 495 961 571 χερσαίους

163 581 209 638 καί
226 582 370 658 λιμναίους
389 582 418 640 ἐν
437 607 468 640 τε
489 581 624 658 οἰκήμασι
641 581 687 639 καὶ
700 580 839 650 λάκκοισι,
855 587 882 644 ἐς
894 582 971 642 ὕπο·

149 721 150 725 ,
164 667 249 747 δοχείς
258 673 308 728 τοῦ
322 673 455 746 στρατοῦ·
475 672 557 728 τοῦτο
572 669 609 738 δέ,
618 667 725 747 χρύσεά
737 694 768 728 τε
782 670 827 727 καὶ
840 668 961 750 α’ργόρεα

162 756 282 833 ποτήριά
304 783 335 816 τε
357 757 402 816 καί
424 761 562 834 κρητῆρας
585 761 733 830 ἐποιεῦντο,
758 757 803 815 καὶ
826 757 861 816 τὰ
885 757 961 818 ἅλλα

164 843 220 903 ὅσα
242 846 287 904 ἐπὶ
311 845 450 921 τράπεζαν
469 846 594 906 τιθέαται
614 845 711 905 πάντα
747 849 834 905 ταῦτα
854 849 905 922 μὲν
926 847 960 923 δή

164 931 236 1011 αι’πῷ
253 958 284 991 τε
302 934 423 1009 βασιλέϊ
440 935 486 992 καὶ
505 938 582 993 τοῖσι
602 933 765 1010 ὁμοσίτοισι
784 931 843 1009 μετ’
857 935 961 994 ἐκείνου

165 1021 322 1097 ἐπεποίητο,
335 1022 418 1102 τῇδὲ
431 1021 507 1102 άλλῃ
521 1027 640 1100 στρατιῇ
652 1022 688 1081 τά
702 1027 729 1085 ἐς
744 1021 858 1099 φορβὴν
870 1026 961 1100 μοῦνα

163 1109 334 1186 τασσόμενα
378 1110 446 1174 ὅκως
470 1112 499 1170 δὲ
523 1111 651 1170 ἀπίκοιτο
675 1109 693 1186 ἡ
718 1110 845 1187 στρατιὴ,
870 1111 960 1188 σκηνὴ

163 1199 215 1273 μὲν
237 1199 302 1256 ἔσκε
325 1203 466 1279 πεπηγυῖα
490 1200 585 1276 ἑτοίμη
609 1204 636 1262 ἐς
659 1198 710 1274 τὴν
732 1197 814 1261 αότὸς
834 1199 962 1276 σταθμόν

164 1288 326 1346 ποιεέσκετο
340 1288 453 1363 Ξέρξης
474 1287 493 1364 ἡ
513 1288 543 1346 δέ
565 1286 642 1363 άλλη
659 1287 779 1363 στρατιὴ
798 1288 863 1346 ἔσκε
882 1287 961 1346 ὑπαί-

165 1374 250 1450 θριος
272 1375 307 1436 ὦς
326 1375 355 1434 δὲ
374 1376 484 1435 δείπνου
502 1377 607 1456 γίνοιτο
629 1375 693 1452 ὥρη,
709 1378 801 1451 οἱμὲν
821 1375 962 1452 δεκόμενοι

167 1464 283 1540 ἔχεσκον
303 1463 397 1523 πόνον·
419 1467 446 1522 αἰ
460 1464 497 1533 δέ,
512 1463 580 1527 ὅκως
593 1464 767 1539 πλησθέντες
780 1463 863 1524 νύκτα
877 1463 961 1523 αὐτοῦ

165 1549 303 1630 ἀγάγοιεν,
318 1555 354 1630 τῇ
367 1551 500 1630 θστεραίῃ
513 1551 564 1627 τήν
579 1578 611 1610 τε
629 1551 739 1627 σκῃιοφν,
749 1551 962 1616 ἀνασπάσαντες

166 1638 210 1694 καὶ
223 1637 259 1695 τά
272 1638 376 1696 ἔπιπλα
389 1638 480 1699 πάντα
494 1639 640 1715 λαβόντες,
658 1639 728 1698 οὕτω
744 1639 959 1714 ἀπελαύνεσκον,

119 1727 176 1785 120
185 1725 327 1788 λείποντες
341 1725 427 1798 ου’δέν,
443 1727 519 1786 ἀλλά
541 1727 699 1804 φερόμενοι·
715 1727 805 1788 Ἔνθα
819 1728 852 1804 δὴ
867 1735 960 1810 Μεγα-

165 1813 292 1889 κρέοντος
302 1813 400 1890 άνδρός
412 1815 583 1892 Ἀβδηρίτεω
598 1817 662 1879 ἔπος
676 1815 705 1876 εὖ
720 1817 862 1894 εἰρημένον
876 1819 961 1898 ἐγένε-

164 1925 205 1969 το,
220 1899 250 1964 ὃς
269 1903 478 1978 συνεβούλευσε
497 1903 692 1983 Ἀβδηρίτῃσι,
707 1905 843 1981 πανδημεὶ
864 1905 962 1969 αὐτοιίς

165 1989 211 2047 καί
231 1994 361 2070 γυναῖκας
382 1991 514 2054 ἐλθόντας
535 1997 562 2054 ἐς
581 1992 617 2050 τά
639 1994 763 2070 σφέτερα
786 1993 838 2069 ἱρά,
856 1994 962 2064 ἵζεσθαι

165 2078 255 2155 ἱκέτας
268 2083 323 2153 τῶν
343 2080 419 2154 θεῶν,
435 2083 666 2158 παραιτεομένους
680 2081 726 2140 καί
739 2081 772 2140 τό
785 2081 886 2140 λοιπόν
906 2087 962 2157 σφι

164 2165 318 2244 ἀπαμύνειν
335 2172 390 2228 τῶν
408 2169 539 2228 ἐπιόντων
558 2174 648 2228 κακῶν
668 2169 703 2228 τά
723 2169 837 2246 ἡμίσεα·
858 2172 912 2228 τῶν
931 2195 963 2228 τε

164 2257 373 2335 παροιχομένων
393 2258 465 2335 ἐχειν
486 2253 542 2332 σφι
561 2256 688 2338 μεγάλην
707 2257 797 2336 χάριν,
812 2257 855 2317 ὅτι
874 2259 962 2333 βασι-

164 2342 230 2405 λειίς
247 2343 353 2420 Ξέρξης
372 2343 404 2402 οὐ
424 2345 465 2406 δὶς
487 2344 605 2420 ἑκάστης
626 2344 731 2423 ἡμέρης
750 2345 862 2423 ἐνόμισε
882 2349 963 2406 σῖτον

165 2431 321 2506 αἱρέεσθαι·
348 2431 480 2510 παρέχειν
501 2432 556 2513 γὰρ
584 2432 619 2492 ἂν
642 2433 837 2512 Ἀβδηρίτῃσι,
867 2438 890 2493 εἰ
918 2434 963 2492 καί

164 2516 280 2594 άριστον
300 2519 448 2595 προείρητο
468 2519 552 2596 ὁμοῖα
565 2525 604 2600 τῷ
616 2522 714 2600 δείπνῳ
735 2521 962 2599 παρασκευάζειν,

165 2602 184 2679 ἢ
206 2605 247 2682 μὴ
271 2605 417 2684 όπομένειν
439 2608 544 2685 Ξέρξεα
566 2610 685 2680 ἐπιόντα,
707 2608 725 2685 ἢ
748 2610 962 2685 καταμείναντας

165 2691 283 2753 κάκιστα
303 2694 413 2755 πάντων
429 2694 578 2774 ἀνθρώπων
597 2699 782 2774 διατριβῆναι.
825 2699 852 2754 οἰ
864 2697 916 2773 μέν
929 2695 963 2772 δή

165 2781 321 2858 πιεζόμενοι
342 2782 442 2860 ὁμοίως
461 2785 494 2844 τό
516 2785 739 2862 ἐπιτασσόμενον
759 2785 912 2843 ἐπετέλεον.

119 2868 173 2928 121
226 2871 331 2948 Ξέρξης
351 2871 380 2930 δὲ
401 2877 431 2931 ἐκ
450 2876 500 2948 τῆς
512 2871 657 2943 Ἀκάνθου,
679 2873 868 2950 ἐντειλάμενος
888 2877 963 2934 τοῖσι

164 2963 351 3039 στρατηγοῖσι
364 2959 413 3019 τόν
426 2959 554 3020 ναυτικόν
568 2960 690 3036 στρατόν
702 2960 848 3038 όπομένειν
859 2967 888 3021 ἐν
896 2963 964 3040 Θέρ-

163 3070 213 3123 μῃ,
228 3045 319 3121 οἰπῆκε
332 3046 378 3105 ἀπ’
393 3049 492 3105 ἑωυτοῦ
512 3046 682 3122 πορεύεσθαι
699 3048 751 3112 τάς
764 3049 835 3113 νέας·
856 3051 964 3129 (Θέρμῃ

163 3131 195 3190 δὲ
211 3137 247 3212 τῇ
269 3139 297 3193 ἐν
316 3138 356 3212 τῷ
369 3133 496 3212 Θερμαίῳ
514 3133 611 3213 κόλπῳ
625 3137 765 3216 οἰκημένῃ,
780 3137 828 3196 ἀπ’
841 3136 875 3213 ἧς
889 3139 934 3196 καὶ
947 3137 963 3195 ὁ

164 3219 270 3284 κόλπος
284 3219 364 3284 οὗτος
376 3220 427 3296 τήν
441 3221 595 3297 ἐπωνυμίην
616 3224 695 3305 ἔχεν)
716 3225 803 3304 ταύτῃ
816 3226 871 3306 γὰρ
885 3229 963 3281 ἐπυν-

163 3305 264 3367 θάνετο
280 3307 493 3381 συντομιότατον
509 3308 587 3369 εἰναι.
628 3314 712 3393 μέχρι
731 3316 783 3390 μὲν
798 3313 853 3393 γάρ
866 3309 963 3369 Ἀκάν-
