2278 3538
163 144 316 212 ,νου-τοι]
479 149 664 198 nomm.
927 155 974 201 τοι

175 224 392 303 Κλεομβρότου,
406 224 498 308 (οὗτος
507 227 562 308 γάρ
572 227 607 304 ἦν
617 228 750 292 νεότατος
758 229 974 308 Ἀναξανδρίδεω

174 313 260 394 ταῖς,)
274 315 320 373 καὶ
333 314 424 391 δήκαὶ
439 315 497 394 εἶχε
512 318 687 393 Κλεομένεος
701 318 847 398 θυγατέρα·
865 316 896 380 ὃς
908 316 973 376 τότε

173 401 216 478 ἤϊε
240 409 267 467 ές
293 403 486 481 Θερμοπύλας,
509 405 707 482 ἐπιλεξάμενος
733 405 833 483 ἄνδρας
856 432 887 464 τε
910 405 974 469 τούς

173 495 362 556 κατεστεῶτας
375 493 551 569 τριηκοσίους
565 494 611 551 καὶ
623 497 700 553 τοῖσι
714 493 865 574 ἐτύγχανον
877 493 973 556 παῖδες

173 579 274 646 ἐόντες·Ι
292 580 468 658 παρολαβῶν
482 581 511 639 δὲ
524 580 639 641 ἀπίκετο
658 583 704 640 καὶ
721 583 854 657 Θηβαίων
866 581 931 644 τούς
945 587 972 644 ἒς

172 667 222 727 τόν
247 667 367 746 α’ριθμόν
395 667 583 748 λογισάμενος
610 669 696 740 εἶπον,
724 673 778 730 τῶν
803 669 972 750 ἐστρατήγεε

172 757 340 832 Λεοντιάδης
359 756 375 816 ό
394 755 573 835 Εὐρυμάχου·
600 757 680 817 τοῦδε
701 758 730 816 δὲ
752 758 841 817 εἵνεκα
856 758 970 822 τούτους

172 844 299 920 σπουδήν
313 843 466 920 ἐποιήσατο
479 845 617 922 Λεωνίδης
631 845 749 922 μούνους
757 845 903 921 Ἑλλήνων
920 872 971 904 πα-

171 935 319 1010 ραλαβεῖν,
333 933 376 993 ὅτι
391 934 487 1004 σφέων
505 933 634 1014 μεγάλως
652 935 825 1015 κατηγόρητο
837 935 970 1012 μηδίζειν·

171 1021 326 1096 παρεκάλεε
347 1020 384 1081 ὧν
405 1027 432 1084 ές
451 1021 500 1081 τόν
523 1021 658 1098 πόλεμον,
681 1023 770 1082 θέλων
795 1022 892 1082 εἰδέναι
917 1023 971 1082 εἴτε

171 1109 385 1185 συμπέμψουσι,
404 1109 526 1168 ε’ίτεκαὶ
544 1109 694 1186 άτερέουσι
713 1115 743 1168 ε’κ
761 1115 811 1170 τοῦ
831 1112 969 1186 ἐμφανέος

170 1194 222 1269 τήν
248 1196 392 1272 Ἑλλήνων
418 1197 591 1276 συμμαχίην·
623 1201 649 1256 οἱ
676 1197 706 1256 δὲ
732 1196 971 1275 ἀλλοφρονέοντες

171 1282 303 1359 ἔπεμπον.
818 1343 820 1348 .

211 1372 330 1436 Τούτους
347 1375 398 1449 μὲν
416 1372 481 1436 τούς
499 1372 575 1450 άμφὶ
593 1375 732 1450 Λεωνιδην
745 1374 870 1452 πρύτους
883 1373 947 1434 άτέ-
958 1377 1016 1435 206

170 1469 285 1538 πεμψαν
305 1463 487 1538 Σπαρτιῆται,
503 1461 547 1522 ἵνα
566 1461 681 1526 τούτους
701 1461 817 1540 όρῶντες
838 1467 864 1522 οἶ
883 1461 975 1522 όίλλοιΙ

170 1547 316 1626 σύμμαχοι
335 1549 547 1625 στρατεύωνται·
572 1550 642 1626 μηδὲ
659 1551 704 1608 καὶ
721 1549 796 1610 οὗτοι
816 1551 967 1628 μηδίσωσι,

170 1633 204 1711 ἢν
219 1635 317 1700 αύτούς
334 1637 524 1697 πυνθάνωνται
542 1637 817 1718 ὑπερβαλλομένους·
844 1638 915 1716 μετά
931 1640 968 1710 δὲ,

162 1724 293 1802 ΙΚάρνεια
310 1725 366 1806 γάρ
385 1731 441 1801 σφι
460 1723 495 1800 ἦν
513 1726 647 1802 έμποδιδν,
665 1728 785 1803 ἔμελλον
798 1726 968 1805 ὁρτάσαντες

170 1813 216 1871 καὶ
237 1813 365 1889 φυλακάς
385 1813 515 1876 λιπόντες
535 1819 564 1872 έν
583 1819 618 1893 τῇ
640 1813 765 1894 Σπάρτη,
787 1815 856 1876 κατά
883 1816 968 1895 τάχος

169 1901 300 1978 βοηθέειν
312 1901 458 1982 πανδημεί.
501 1901 536 1964 ὣς
554 1901 583 1960 δὲ
602 1904 648 1961 καὶ
665 1907 692 1962 οἱ
709 1905 806 1962 λοιποὶ
823 1909 878 1965 τῶν
897 1931 967 1980 συμ-

168 1987 266 2068 μάχων
287 1993 415 2050 ε’νενῶντο
434 1991 480 2049 καὶ
499 1989 577 2050 αὐτοὶ
599 1991 678 2068 ἕτερα
695 1996 811 2051 τοιαῦτα
828 1992 966 2068 ποιήσειν·

168 2075 203 2152 ἦν
215 2077 271 2158 γάρ
285 2078 356 2137 κατά
368 2077 456 2138 τώυτό
469 2078 628 2155 Ὀλυμπιάς
645 2079 772 2139 τούτοισι
789 2084 866 2140 τοῖσι
878 2081 966 2161 πρήγ-

168 2191 240 2242 μασι
266 2170 465 2242 συμπεσοῦσα·
500 2165 587 2226 ούκων
620 2167 760 2230 δοκέοντες
787 2167 857 2226 κατά
883 2168 969 2247 τάχος

169 2253 242 2324 οὕτω
253 2254 485 2332 διακριθήσεσθαι
502 2254 552 2314 τόν
570 2261 599 2314 ἐν
617 2255 820 2335 Θερμοπύλῃσι
833 2255 966 2332 πόλεμον,

169 2343 292 2418 ἔπεμπον
299 2343 363 2406 τούς
373 2342 557 2421 προδρόμους.
580 2340 666 2402 Οὗτοι
676 2345 727 2419 μὲν
738 2343 771 2419 δή
783 2342 853 2402 οὕτω
864 2344 945 2403 διενε-
955 2347 1012 2406 207

168 2434 254 2490 νῶντο
279 2431 417 2506 ποιήσειν·
443 2434 470 2490 οἱ
492 2431 522 2489 δὲ
546 2435 575 2490 ε’ν
596 2431 799 2508 Θερμοπύλῃσι
818 2430 966 2508 Ἕλληνες,

168 2523 227 2576 ε’πει
244 2517 262 2594 ή
276 2521 364 2582 τέλος
378 2520 486 2600 ἐγένετο
499 2522 550 2594 τῆς
563 2520 691 2594 ἐσβολῆς
701 2517 717 2579 ό
728 2520 850 2597 Πέρσης,
866 2547 964 2598 καταρ-

167 2607 322 2683 ρωδέοντες,
336 2606 521 2683 ἐβουλεύοντο
541 2608 605 2684 περὶ
624 2606 802 2690 α’παλλαγής·
824 2613 900 2668 τοῖσι
915 2611 968 2687 μέν

167 2721 215 2754 νυν
241 2694 359 2754 ἄλλοισι
386 2695 645 2771 Πελοποννησίοισι
672 2694 771 2767 ε’δόκεε,
797 2699 913 2758 ἐλθοῦσι
941 2704 968 2762 ἐς

168 2781 390 2858 Πελοπόννησον
401 2782 452 2842 τόν
464 2782 581 2860 Ἰσθμόν
594 2784 667 2863 ἔχειν
681 2788 710 2843 ε’ν
723 2789 847 2864 φυλακῇ·
868 2788 967 2846 Λεωνί-

167 2869 216 2946 δης
239 2870 277 2941 δὲ,
302 2872 415 2931 Φωκέων
440 2872 486 2929 καὶ
507 2875 623 2948 Λοκρῶν
646 2873 905 2952 περισπερχεόντων
931 2878 967 2953 τῇ

166 2958 262 3039 γνώμη
283 2957 377 3038 ταύτῃ,
401 2958 487 3018 αὐτοῦ
507 2984 538 3018 τε
558 2959 650 3035 μένειν
674 2962 825 3038 ἐψηφίζετο
846 2961 968 3042 πέμπειν

166 3071 197 3105 τε
215 3045 352 3127 άγγέλους
368 3052 396 3111 ές
409 3045 461 3109 τάς
476 3045 578 3109 πόλιας
596 3047 759 3109 κελεύοντάς
777 3053 833 3121 σφι
852 3049 967 3123 ἐπιβοη-

167 3133 248 3203 θέειν,
262 3133 298 3197 ιύς
311 3134 408 3195 ε’όντων
427 3133 518 3193 αὐτῶν
531 3132 635 3214 ὀλίγων
651 3134 774 3210 στρατόν
792 3139 849 3194 τῶν
863 3134 968 3202 Μήδων

166 3219 332 3290 ἀλέξασθαι.

161 3381 164 3388 Ι
208 3313 302 3368 ΐαῢτα
317 3311 528 3388 βουλευομένων
541 3309 645 3386 σφέων,
662 3315 766 3386 ἔπεμπε
782 3309 887 3384 Ξέρξης
901 3337 946 3369 κα·
956 3313 1015 3371 208
