2276 3538
177 164 218 229 10]
487 165 671 213 Ποιυυαιι.
923 169 969 216 125

174 245 220 303 καὶ
244 243 478 322 σταθμώσασθαι,
502 249 525 303 εἰ
547 245 682 322 στρατιήν
702 272 735 326 γε
757 247 898 323 τοσαύτην
919 248 972 309 σύν

174 332 246 392 Δάτι
260 335 306 392 καὶ
319 333 502 411 Ἀρταφέρνεῖ
516 335 657 394 ἐλθοῦσαν
671 339 698 398 ές
710 335 762 410 τήν
774 334 904 412 Ἀττικήν
917 336 971 416 χώ-

172 448 225 498 ρην
236 426 335 498 μοῦνοι
348 421 492 497 Ἀθηναῖοι
506 422 675 499 διέφθειραν.
711 423 759 482 ούκ
775 423 811 482 ὦν
824 424 971 504 ἀμφοτέρῃ

173 516 229 585 σφι
252 510 386 588 ἐχώρησε·
408 509 473 568 ἀλλ’
494 509 528 586 ἢν
549 515 617 589 τῇσι
642 511 725 586 νηυσὶ
747 511 905 586 ἐμβάλωσι,
928 515 973 572 καὶ

173 596 335 673 νοσήσαντες
353 598 492 676 ναυμαχίῃ
513 599 622 658 πλέωσι
645 604 672 660 ἐς
692 599 741 658 τόν
759 597 974 674 Ἑλλήσποντον

174 686 220 744 καὶ
234 686 328 744 ἔπειτα
341 685 453 744 λύσωσι
466 685 518 761 τήν
536 687 669 767 γέφυραν,
684 690 767 746 τοῦτο
784 685 826 760 δή,
840 688 974 762 βασιλεῦ,

173 774 278 854 γίνεται
299 773 397 834 δεινόν.
440 773 493 853 ε’γώ
508 775 537 833 δὲ
552 774 667 852 οὐδεμιῇ
681 776 771 853 σοφίῃ
786 775 876 852 οἰκηίῃ
893 773 975 838 αύτός

173 865 261 922 ταῦτα
283 862 500 939 συμβάλλομαι,
522 862 587 921 ἀλλ’
605 862 663 922 οἶόν
685 889 748 922 κατε
767 862 854 939 ήμέας
875 863 973 943 όλίγου

175 948 271 1025 ε’δέησε
295 952 469 1026 καταλαβεῖν
492 950 590 1020 πάθος,
614 948 660 1010 ὅτε
687 951 779 1026 πατήρ
804 951 856 1014 σός
880 951 975 1022 ζεύξας

175 1036 326 1114 Βόσπορον
351 1038 401 1097 τόν
426 1039 564 1114 Θρηΐκιον,
593 1039 760 1118 γεφυρώσας
790 1039 819 1096 δὲ
847 1039 974 1115 ποταμόν

171 1121 285 1201 Ἴστρον
307 1126 388 1202 διέβη
409 1127 454 1184 ε’πὶ
474 1126 590 1196 Σκύθας,
612 1125 676 1185 τότε
698 1130 824 1186 παντοῖοι
847 1128 973 1206 ἐγένοντο

177 1211 281 1274 Σκύθαι
302 1213 425 1290 δεόμενοι
438 1212 536 1273 Ἰώνων
550 1218 637 1273 λῦσαι
651 1213 699 1273 τόν
713 1213 808 1290 πόρον,
823 1218 899 1272 τοῖσι
918 1219 973 1274 ε’πι-

175 1301 312 1377 τέτραπτο
325 1302 343 1378 ή
358 1303 473 1378 φυλακή
486 1308 541 1362 τών
553 1302 696 1383 γεφυρέων
716 1306 766 1361 τοῦ
781 1301 906 1376 Ἴστρου·
928 1303 974 1361 καὶ

175 1387 238 1448 τότε
260 1417 293 1471 γε
310 1390 442 1454 Ἱστιαῖος
461 1389 476 1449 ό
496 1389 627 1465 Μιλήτου
647 1389 779 1467 τύραννος
792 1393 816 1448 εἰ
836 1391 973 1449 ε’πέσπετο

175 1482 229 1536 τῶν
242 1477 337 1538 ἄλλων
349 1479 488 1556 τυράννων
503 1478 656 1559 τῇγνώμῃ,
670 1477 740 1554 μηδὲ
760 1476 887 1554 ἠντιώθη,
903 1479 972 1556 διέρ-

175 1592 266 1645 γαστο
282 1565 317 1626 άν
336 1567 372 1626 τό
386 1568 520 1643 Περσέων
540 1566 701 1648 πρήγματα·
723 1566 813 1626 καίτοι
831 1568 877 1625 καὶ
897 1567 972 1648 λόγῳ

176 1653 294 1715 α’κοῦσαι
315 1655 412 1725 δεινόν,
429 1653 470 1714 ἐπ’
485 1654 565 1731 ἀνδρί
575 1681 608 1735 γε
623 1657 661 1715 ένὶ
675 1654 766 1714 πάντα
783 1655 819 1715 τά
834 1657 971 1732 βασιλέος

175 1742 326 1823 πρήγματα
346 1744 524 1824 γεγενῆσθαι.
567 1744 604 1802 σύ
618 1743 654 1802 ὧν
667 1743 707 1820 μή
721 1742 828 1818 βούλευ
845 1749 873 1806 ές
887 1744 972 1803 κίνδυ-

175 1857 223 1890 νον
243 1832 348 1907 μηδένα
368 1836 494 1891 τοιοῦτον
515 1831 674 1901 ἀπικέσθαι,
695 1831 831 1907 μηδεμιῆς
851 1830 972 1911 αἶνάγκης
1016 1831 1020 1838 ’

176 1918 287 1995 εὀύσης·
309 1919 375 1978 ἄλλ’
397 1921 459 1996 ε’μοὶ
481 1921 587 1979 πείθευ·
609 1923 657 1979 νῦν
680 1922 732 1996 μὲν
755 1918 805 1978 τόν
829 1919 971 2000 σύλλογον

174 2005 252 2066 τόνδε
265 2007 408 2067 διάλυσον·
431 2007 506 2070 αὖτίς
519 2033 557 2077 τε,
573 2007 639 2067 ὅταν
651 2033 695 2066 τοι
708 2007 797 2084 δοκέῃ,
812 2007 971 2083 προσκεψά-

173 2119 256 2167 μενος
275 2096 320 2152 ε’πὶ
337 2099 468 2162 σεωυτοῦ,
485 2094 656 2175 προαγόρευε
676 2093 712 2153 τά
729 2119 774 2152 τοι
794 2093 882 2152 δοκέει
903 2094 971 2153 εἶναι

174 2179 290 2257 ἄριστα·
316 2181 349 2242 τό
373 2182 427 2263 γόρ
453 2181 481 2240 εὖ
505 2181 695 2257 βουλεύεσθαι
719 2181 813 2255 κέρδος
836 2182 971 2260 μέγιστον

175 2267 292 2344 εύρίσκω
309 2268 363 2328 ε’όν·
386 2273 409 2328 εἰ
425 2270 480 2350 γάρ
501 2270 547 2327 καὶ
568 2269 764 2342 ἐναντιωθῆναί
782 2293 809 2327 τι
825 2268 908 2336 θέλει,
923 2270 970 2344 βε-

173 2355 326 2431 βούλευται
341 2359 393 2433 μὲν
414 2357 492 2416 οὐδὲν
511 2353 605 2431 ἧσσον
622 2354 659 2425 εὖ,
676 2356 797 2414 ἕσσωται
812 2356 841 2414 δὲ
854 2355 909 2414 ύπό
922 2360 971 2432 τῆς

173 2443 259 2522 τύχης
278 2445 311 2504 τό
332 2445 489 2521 βούλευμα·
510 2443 526 2504 ό
546 2445 575 2503 δὲ
593 2443 821 2520 βουλευσάμενος
840 2449 971 2523 αἰσχρῶς,

174 2532 199 2589 εἴ
216 2535 243 2590 οἱ
263 2531 282 2608 ή
299 2532 371 2611 τύχη
393 2533 549 2601 ε’πίσποιτο,
571 2531 677 2608 εὕρημα
700 2531 805 2608 εὕρηκε·
827 2531 922 2608 ἧσσον
943 2533 972 2592 δὲ

173 2618 252 2679 οὐδέν
270 2623 297 2679 οἱ
315 2623 403 2683 κακῶς
420 2619 620 2696 βεβούλευται.
663 2619 729 2699 ὁρᾷς
749 2620 784 2679 τό
800 2619 972 2700 ὑπερέχοντα

173 2708 229 2777 ζῶα
248 2707 283 2770 ώς
301 2708 456 2785 κεραυνοῐό
471 2708 532 2771 θεός
551 2707 614 2768 οὐδὲ
632 2713 665 2787 εἠἷ
682 2708 881 2783 φαντάζεσθαι,
895 2710 930 2768 τό
943 2709 973 2768 δὲ

172 2796 279 2872 σμικροὶ
293 2795 371 2855 οὐδέν
383 2823 431 2873 μιν
445 2798 545 2868 κνίζει,
567 2795 632 2875 όρᾷς
647 2796 676 2855 δὲ
690 2795 726 2858 ώς
740 2802 766 2859 ές
781 2797 917 2874 οἰκήματα
935 2797 971 2856 τά

171 2883 293 2962 μέγιστα
307 2884 360 2942 αἰεὶ
374 2885 419 2942 καὶ
432 2884 543 2960 δένδρεα
562 2883 728 2942 τὰτοιαῦτα
747 2883 923 2959 ἀποσκήπτει
936 2884 971 2944 τό

171 2971 279 3046 βέλεα;
305 2973 398 3048 φιλέει
420 2972 474 3052 γάρ
498 2969 514 3032 ό
539 2971 602 3033 θεός
625 2971 660 3030 τά
683 2971 854 3051 ιῖπερέχοντα
877 2972 969 3031 πάντα

172 3060 308 3119 κολούειν.
349 3060 419 3118 σύτω
432 3059 466 3134 δή
481 3061 527 3118 καὶ
541 3060 661 3137 στρατός
681 3059 790 3120 πολλός
803 3058 857 3116 ύπό
871 3058 970 3138 ὀλίγου

171 3145 360 3223 διαφθείρεται
374 3147 444 3206 κατὰ
456 3147 569 3206 τοιόνδε·
592 3147 674 3205 ε’πεάν
688 3152 744 3220 σφι
758 3145 773 3204 ό
788 3145 849 3206 θεός
863 3145 966 3219 φθονή-

170 3259 225 3296 σας
244 3234 340 3309 φόβαν
360 3232 483 3312 ἐμβάλῃ,
504 3232 522 3308 ἢ
542 3234 675 3311 βροντήν,
694 3232 727 3290 δι’
746 3231 783 3290 ὧν
804 3230 1013 3308 ἐφθάρησαν,

171 3320 287 3390 ἀναξίως
309 3324 422 3380 ἑωυτῶν·
444 3319 477 3380 ου’
497 3320 553 3400 γάρ
575 3324 608 3398 εἠἳ
630 3320 757 3397 φρονέειν
777 3319 852 3397 μέγα
872 3319 888 3379 ό
909 3319 970 3398 θεός
