2262 3534
180 141 229 190 ων
485 141 665 190 Ἧοοαοςοι·
916 143 980 208 [lx.

181 220 260 279 παιδὶ
280 223 318 300 τῷ
335 223 442 281 -ἐακιτοῦ
470 220 588 301 Δαρείῳ,
614 221 753 304 θυγατέρα
777 225 828 298 τῆς
852 224 983 303 γυναικός

178 307 279 384 ταύτης
300 309 345 367 καὶ
366 311 529 382 Μασίστεω,
553 309 653 370 δοκέων
673 308 765 386 αἰπήν-
775 314 889 387 μᾶλλον
908 311 981 389 λάμ-

179 397 284 472 ψεσθαι
299 394 334 472 ἢν
351 394 439 456 ταῦτα
459 397 575 476 ποιήσῃ,
590 397 718 475 ἁρμόσας
739 398 768 457 δὲ
789 399 835 457 καὶ
854 397 889 458 τά
905 424 982 476 νομι-

179 482 281 561 ζόμενα
301 485 423 562 ποιήσας
440 485 583 562 ἀπήλαυνε
602 491 628 550 ἐς
646 488 751 550 Σοῦσα.
794 488 854 546 ἐπεὶ
875 487 905 546 δὲ
925 492 983 548 ἐκεῖ

178 597 210 631 τε
223 571 338 632 ἀπίκετο
352 574 398 632 καὶ
411 572 533 655 ἠγάγετο
546 579 573 636 ἐς
587 577 687 633 ἑωυτοῦ
701 575 809 654 Δαρείῳ
821 573 874 650 τήν
886 581 981 656 γυναῖ-

179 685 223 728 κα,
238 659 307 720 οὕτω
323 661 358 736 δή
377 665 427 738 τῆς
445 663 601 721 Μασίστεω
619 663 671 738 μὲν
688 662 818 742 γυναικός
833 662 979 739 ἐπέπαυτο,

178 747 194 806 ό
209 748 238 806 δὲ
251 747 466 825 διαμειψάμενος
478 748 533 826 ήρα
546 775 577 809 τε
590 749 636 808 καὶ
650 750 783 831 ἐτύγχανε
796 755 846 825 τῆς
859 752 981 826 Δαρείου

177 837 229 910 μὲν
243 835 371 916 γυναικός
387 837 543 896 Μασίστεω
562 837 592 896 δὲ
611 837 755 918 θυγατρός·
778 837 925 914 οὕνομαδέ
943 843 980 918 τῇ

132 923 189 981 109
199 923 307 1001 γυναικὶ
319 923 406 1002 ταύτῃ
415 923 450 1000 ήν
462 923 625 1002 Ἀρταΰντη.
660 924 770 1002 Χρόνου
783 925 812 984 δὲ
825 925 979 1003 προϊόντος,

179 1009 327 1070 ἀνάπυστα
347 1013 453 1091 γίνεται
472 1013 566 1092 τρόπῳ
585 1013 689 1092 τοιῷδε·
715 1012 877 1092 ἐξυφήνασα
888 1012 980 1092 Ἀμη-

179 1123 266 1174 στρις,
284 1098 303 1175 ή
318 1101 426 1176 Ξέρξεω
443 1101 521 1181 γυνή,
541 1105 632 1178 φᾶρος
648 1101 721 1182 μέγα
739 1127 769 1160 τε
785 1101 831 1159 καὶ
848 1103 979 1164 ποικίλον

180 1187 225 1244 καὶ
239 1187 303 1263 θέης
316 1186 402 1257 ἄξιον,
417 1188 489 1248 διδοῖ
500 1189 600 1268 Ξέρξη·
625 1189 640 1248 ὁ
655 1190 684 1248 δέ
697 1188 794 1264 ήσθεὶς
807 1190 977 1266 περιβάλλε-

178 1276 228 1333 ταί
244 1275 334 1334 τεκαὶ
353 1277 461 1354 ἔρχεται
475 1277 550 1353 παρὰ
564 1275 615 1352 τήν
632 1276 811 1354 Ἀρταΰντην·
832 1277 929 1352 ήσθεὶς
949 1279 979 1338 δὲ

179 1364 225 1422 καὶ
237 1363 333 1442 ταύτῃ,
348 1365 478 1422 ἐκέλευσε
497 1363 583 1440 αὐτήν
602 1368 715 1440 αἰτῆσαι
730 1363 745 1423 ὅ
762 1391 790 1422 τι
803 1364 942 1440 βούλεταί
952 1370 979 1426 οἰ

178 1451 310 1531 γενέσθαι
330 1450 391 1512 άντί
407 1457 462 1512 τῶν
482 1452 554 1532 αὐτῷ
571 1452 794 1534 ὑπουργημένων·
815 1451 907 1512 πάντα
923 1455 978 1535 γάρ

178 1538 325 1608 τεύξεσθαι
339 1539 506 1614 αἰτήσασαν·
526 1541 603 1619 τῇδὲ
617 1545 704 1604 κακῶς
716 1539 771 1620 γάρ
783 1541 838 1599 ἔδεε
850 1543 979 1620 πανοικίῃ

177 1627 317 1705 γενέσθαι,
329 1627 400 1702 πρὸς
412 1631 499 1687 ταῦτα
513 1627 572 1686 εἰπε
585 1628 685 1706 Ξέρξη·
703 1637 720 1662 “
730 1627 827 1690 δαίσεις
839 1653 888 1704 μοι
900 1628 934 1688 τό
944 1627 978 1690 ἄν

178 1737 214 1772 σε
227 1711 333 1787 αἰτήσω
342 1713 366 1782 ;”
382 1713 398 1770 ὁ
409 1714 439 1772 δὲ
449 1719 505 1774 πᾶν
514 1719 628 1790 μᾶλλον
642 1715 742 1774 δοκέων
755 1716 845 1790 κείνην
855 1719 976 1790 αἰτῆσαι,

177 1799 344 1878 ὑπισχνέετο
359 1801 405 1858 καὶ
419 1799 523 1878 ὤμοσε·
544 1801 614 1878 ήδέ,
630 1801 666 1865 οἷς
680 1801 781 1878 ὤμοσε,
797 1801 881 1865 άδεῶς
894 1805 977 1865 αἰτέει

177 1887 210 1948 τό
222 1892 321 1964 φᾶρος·
342 1888 448 1965 Ξέρξης
459 1889 488 1948 δέ
498 1894 628 1953 παντοῖος
637 1891 749 1970 ἐγίνετο,
761 1888 793 1948 αὖ
802 1890 978 1967 βουλόμενος

178 1976 283 2037 δοῦναι·
304 1975 363 2036 κατ’
381 1975 455 2036 άλλο
472 1980 524 2054 μὲν
542 1977 824 2054 οὕδέν,’φοβεόμενος
843 1978 873 2038 δὲ
887 1978 976 2056 Ἀμη-

178 2091 267 2142 στριν,
285 2065 388 2141 μήκαὶ
406 2066 690 2145 πρὶνκατεικαζοιίοῃ
707 2066 743 2125 τά
758 2065 889 2147 γινόμενα
907 2066 979 2128 οὕτω

178 2155 312 2232 ἐπευρεθῇ
346 2152 492 2230 πρήσσων·
535 2153 612 2214 άλλᾶ
640 2155 724 2216 πόλις
754 2180 785 2213 τε
817 2154 906 2214 ἐδίδου
932 2156 978 2214 καὶ

176 2241 285 2320 χρυσόν
311 2240 441 2312 ἄπλετον,
466 2243 512 2300 καὶ
539 2242 661 2319 στρατόν
686 2245 737 2304 τοῦ
764 2243 866 2318 ἔμελλε
892 2242 978 2308 οὐδεὶς

178 2329 271 2406 ἄρξειν
283 2327 380 2405 ἀλλ’ἢ
399 2331 497 2405 ἐκείνη·
519 2329 662 2406 Περσικόν
680 2330 709 2388 δὲ
727 2329 815 2406 κάρτα
829 2329 844 2389 ὁ
858 2332 978 2408 στρατός

178 2417 275 2495 δῶρον·
304 2417 369 2476 ἀλλ’
391 2417 423 2478 οὗ
441 2418 496 2500 γάρ
518 2420 617 2487 ἔπειθε,
641 2419 712 2478 διδοῖ
731 2418 764 2478 τό
786 2422 886 2496 φᾶρος·
906 2419 925 2496 ἦ
948 2421 978 2480 δέ

177 2505 330 2583 περιχαρής
344 2509 430 2565 ἐοῦσα
447 2510 485 2585 τῷ
499 2505 582 2585 δώρῳ,
598 2507 698 2582 ἐφόρεέ
715 2531 747 2565 τε
763 2507 809 2564 καὶ
824 2505 979 2588 ήγάλλετο·

132 2593 245 2667 noxa}
268 2592 286 2668 ή
308 2591 466 2670 ’Ἄμηστρις
486 2593 654 2653 πυνθάνεταί
674 2619 723 2670 μιν
743 2595 873 2672 ἔχουσαν.
915 2601 977 2654 Μο-

179 2681 270 2740 θοῦσα
288 2679 318 2738 δὲ
339 2680 372 2740 τὸ
390 2681 560 2756 ποιεύμενον,
577 2686 613 2760 τῇ
631 2686 683 2759 μὲν
699 2682 807 2762 γυναικὶ
823 2681 910 2761 ταότη
928 2683 978 2743 οὐκ

131 2796 139 2812 ·
178 2767 236 2846 εἶχε
258 2769 380 2850 ἔγκοτον·
414 2768 433 2844 ή
457 2769 486 2828 δὲ
511 2771 665 2841 ἐλπίζουσα
692 2769 744 2846 τήν
765 2770 872 2847 μητέρα
893 2768 979 2846 αὐτῆς

179 2855 248 2916 εἶναι
265 2857 355 2933 αἰτίην
370 2856 416 2915 καὶ
432 2861 520 2916 ταῦτα
538 2858 643 2934 ἐκείνην
663 2857 810 2936 πρήσσειν,
827 2861 863 2936 τῇ
883 2856 978 2920 Μασίε

177 2970 251 3004 στεω
271 2945 380 3026 γυναικὶ
401 2945 534 3022 ἐβούλευε
554 2945 681 3022 ὄλεθρον·
706 2944 860 3020 φυλάξασα
880 2945 910 3004 δὲ
928 2944 979 3005 τόν

178 3030 265 3108 ἄνδρα
282 3031 332 3092 τόν
348 3036 447 3108 ἑωυτῆς
466 3033 573 3109 Ξέρξην
590 3032 747 3108 βασιλήϊον
759 3033 871 3093 δεῖπνον
882 3059 977 3111 προτι-

179 3120 303 3196 θέμενον·
323 3124 406 3179 τοῦτο
424 3121 454 3178 δὲ
469 3120 502 3178 τό
523 3121 633 3179 δεῖπνον
649 3119 889 3196 παρασκευάζεται
902 3119 979 3192 ἅπαξ

177 3209 228 3264 τοῦ
243 3211 374 3276 ἐνιαυτοῦ,
390 3211 418 3265 ἐν
428 3205 518 3283 ήμέρῃ
530 3209 565 3284 τῇ
579 3208 687 3287 ἐγένετο
696 3205 845 3282 βασιλεύς·
872 3207 977 3284 οὕνομα

176 3292 209 3352 Ιδὲ
225 3297 267 3369 τῷ
284 3293 383 3372 δείπνῳ
404 3293 491 3372 τούτῳ
514 3295 655 3368 Περσιστὶ
675 3297 727 3370 μὲν
748 3300 883 3364 ΤΥΚΤΑ,
905 3296 977 3356 κατοὶ

238 3395 247 3412 .
