2276 3538
160 173 266 236 υ-ιο]
471 172 655 224 nomm.
922 178 967 226 129

158 250 210 326 την
225 249 296 326 ε’μήν
314 250 417 327 σκευήν
434 256 539 320 πᾶσαν,
555 252 601 310 καὶ
618 251 694 315 ἐνδύς
712 252 784 329 μετά
798 257 881 314 τοῦτο
896 254 966 326 ἵζοιο

159 338 187 402 ές
211 339 262 398 τάν
284 338 351 415 ε’μὸν
373 338 480 416 θρόνον,
504 340 550 398 καὶ
573 341 668 399 ἔπειτα
691 345 721 400 ἓν
745 341 823 420 κοίτῃ
850 346 886 420 τῇ
913 347 967 420 ε’μῇ

159 426 392 490 κατυπνώσειας.”
429 427 534 504 Ξέρξης
547 430 599 505 μὲν
616 428 705 487 ταῦτά
719 433 745 487 οἱ
760 431 847 508 ἔλεγε·
868 430 967 506 Ἀρτά-
979 433 1014 488 16

158 517 248 592 βανος
260 516 290 574 δὲ
304 515 337 575 οὗ
350 519 389 594 τῷ
402 514 501 594 πρώτῳ
516 519 542 575 οἱ
557 515 728 592 κελεύσματι
742 516 906 593 πειθόμενος
920 518 966 576 οἶα

160 603 209 662 ούκ
237 603 397 681 ἀξιεύμενος
419 608 447 665 ἒς
467 604 517 663 πάν
540 603 698 680 βασιλήϊον
720 604 820 679 θρόνον
849 605 967 676 ἵζεσθαι,

158 693 241 754 τέλος
254 692 290 755 ώς
302 690 483 770 ἠναγκάζετο,
499 694 578 754 εἴπας
590 691 656 750 τάδε
671 693 760 750 ἐποίεε
774 692 807 751 τά
822 691 967 768 κελευόμε-

160 806 216 839 νον·
259 781 351 839 “’ίσον
368 783 463 849 ε’κεῖνο,
479 778 500 838 ὦ
517 781 652 856 βασιλεῦ,
672 780 737 857 παρ’
757 781 818 855 ἐμοὶ
838 781 967 857 κέκριται,

161 873 290 943 φρονέειν
308 894 338 926 τε
358 866 387 925 εὖ
407 868 453 925 καὶ
471 871 509 946 τῷ
527 869 640 948 λέγοντι
657 869 771 947 χρηστά
790 874 802 927 ε’
823 870 897 928 έλειν
910 870 968 927 πεί-

161 956 271 1016 θεσθαι·
292 955 329 1015 τά
344 958 379 1014 σὲ
394 955 439 1012 καὶ
453 954 602 1031 α’μφότερα
620 957 796 1032 περιήκοντα,
815 956 968 1034 ἀνθρώπων

161 1048 252 1102 κακῶν
273 1043 382 1120 ὁμιλίαι
408 1043 587 1118 σφάλλουσι·
613 1044 684 1104 κατά
705 1071 757 1121 περ
779 1044 832 1120 τήν
858 1045 969 1105 πάντων

160 1132 376 1208 χρησιμωτάτην
387 1131 561 1207 ἀνθρώποισι
572 1132 723 1192 θάλασσαν
736 1132 880 1209 πνεύματά
894 1141 969 1208 φασι

139 1217 269 1298 Ιάνέμων
291 1221 470 1295 ε’μπίπτοντα,
494 1219 526 1278 ού
546 1225 680 1297 περιορᾶν
701 1220 789 1295 φύσει
809 1225 846 1298 τῇ
868 1224 969 1295 ἑωυτῆς
989 1285 992 1291 ,

159 1308 295 1384 χρῆσθαι.
338 1310 385 1384 ε’μὲ
410 1308 439 1366 δὲ
461 1306 622 1366 ἀκούσαντα
645 1307 715 1384 πρὸς
739 1310 790 1366 σεῦ
819 1311 909 1369 κακῶς
936 1307 968 1365 ού

161 1399 283 1454 τοσοῦτο
311 1397 390 1454 ἔδακε
417 1395 503 1470 λίπη,
531 1394 609 1465 ὅσον,
637 1397 767 1476 γνωμέων
790 1395 839 1454 δύο
860 1421 968 1472 προκει-

160 1485 264 1560 μενέων
277 1484 509 1562 Πέρσῃσι,-τῆς
522 1486 574 1559 μὲν
586 1483 670 1560 ὕβριν
684 1482 857 1559 αὐξανούσης
869 1486 920 1558 Τῆς
933 1483 963 1542 δὲ

161 1571 384 1647 καταπαυούσης,
400 1572 446 1629 καὶ
459 1571 601 1651 λεγούσης
614 1571 649 1633 ds
669 1572 754 1631 κακὸν
768 1573 809 1647 εἴη
824 1570 965 1631 διδάσκειν

163 1659 215 1734 τήν
229 1661 322 1738 ψυχήν
336 1661 425 1718 πλέον
438 1685 466 1718 τι
481 1659 610 1734 δίζησθαι
629 1661 683 1719 αἰεὶ
701 1662 773 1739 ἔχειν
789 1664 839 1719 τοῦ
853 1660 969 1737 παρεόν·
1000 1726 1002 1731 ,

160 1749 403 1816 τος,--τοιουτέων
414 1749 614 1824 προκειμενέων
628 1749 765 1829 γνωμέων,
777 1748 820 1808 ὅτι
829 1749 881 1825 τὴν
892 1755 968 1824 σφα-

161 1837 317 1913 λερωτέρην
334 1839 446 1913 σεωυτῷ
464 1861 495 1892 τε
509 1836 555 1892 καὶ
569 1836 703 1914 Πέρσησι
719 1837 838 1914 α’ναίρεο·
860 1841 909 1896 νῦν
923 1836 967 1908 ὧν,

162 1925 256 2000 ἐπειδὴ
277 1924 414 2001 τέτραψαι
436 1923 482 1981 ἐπὶ
499 1923 551 1998 τήν
572 1923 682 1999 ἀμείνω,
705 1924 761 2003 φῄς
780 1951 824 1984 τοι
845 1925 966 2001 μετιέντι

160 2013 211 2072 πὸν
233 2013 275 2072 ἐπ’
294 2013 439 2088 Ἕλληνας
462 2011 570 2071 στόλον
594 2017 744 2088 ἐπιφοιτᾶν
767 2013 872 2089 ὄνειρον
899 2014 967 2071 θεοῦ

160 2127 235 2164 τινος
255 2105 363 2179 πομπῇ,
379 2099 428 2159 ούκ
450 2099 536 2159 ε’ὣντά
557 2127 592 2158 σε
614 2099 763 2159 καταλύειν
782 2101 831 2159 τόν
849 2099 966 2158 στόλον·

162 2189 228 2248 ἀλλ’
243 2189 305 2248 οὐδὲ
324 2188 413 2248 ταῦτα’
432 2194 501 2258 ε’στι,
517 2187 537 2246 ὦ
556 2191 615 2256 παῖ,
631 2189 701 2246 θεῖα·
727 2187 840 2246 ε’νύπνια
857 2187 913 2266 γάρ
932 2187 967 2246 τά

163 2283 190 2340 ές
203 2277 364 2354 ἀνθρώπους
382 2277 583 2352 πεπλανημένα
600 2275 716 2334 τοιαῦτά
730 2279 792 2333 ε’στι
806 2274 851 2333 οἶά
865 2300 901 2333 σε
914 2275 968 2356 ἐγώ

162 2365 270 2435 διδάξω,
293 2368 367 2425 ἔτεσι
392 2369 444 2424 σεῦ
465 2368 603 2422 πολλοῖσι
624 2362 817 2440 πρεσβύτερος
838 2363 898 2423 ἐών·
920 2390 966 2422 πε-

162 2456 327 2530 πλανῆσθαι
341 2451 422 2513 αὗται
436 2453 565 2528 μάλιστα
580 2453 684 2511 ε’ώθασι
698 2455 727 2510 αἱ
741 2451 818 2530 ὄψιες
831 2456 886 2512 τῶν
900 2453 967 2514 ὄνει-

162 2542 260 2618 ράτων,
279 2542 314 2602 τά
335 2569 376 2604 τις
396 2541 501 2618 ἡμέρης
520 2542 671 2618 φροντίζει·
696 2540 776 2618 ἡμεῖς
797 2542 826 2600 δὲ
846 2541 896 2606 τοὶς
914 2542 969 2620 πρδ

162 2634 212 2689 τοῦ
230 2629 336 2707 ἡμέρας
353 2630 457 2705 ταύτην
474 2629 526 2703 τήν
547 2630 761 2706 στρατηλασίην
775 2630 821 2688 καὶ
834 2629 866 2690 τά
882 2631 969 2706 κάρτα

163 2719 275 2796 εἴχομεν
284 2718 356 2794 μετά
365 2722 471 2797 χεῖρας·
494 2723 517 2776 εἰ
527 2718 558 2776 δὲ
569 2716 623 2794 άρα
636 2717 676 2794 μὴ
692 2719 752 2776 ἔστι
765 2724 848 2778 τοῦτο
858 2724 969 2778 τοιοῦτο

163 2806 222 2865 οἶον
236 2806 290 2886 ἐγώ
304 2807 420 2884 διαιρέω,
435 2805 513 2864 άλλά
526 2832 553 2864 τι
567 2809 617 2864 τοῦ
637 2807 701 2866 θεοῦ
720 2809 846 2886 μετέχον,
862 2809 898 2866 σι)
912 2812 968 2867 πᾶν

163 2894 247 2957 αίτδς
264 2895 422 2971 συλλαβών
441 2895 559 2971 εἴρηκαςΙ
582 2894 698 2970 φανήτω
716 2895 771 2976 γάρ
789 2896 823 2970 δή
842 2897 888 2953 καὶ
907 2896 969 2970 ἐμοὶ

164 2981 199 3046 ὦς
214 2985 259 3041 καὶ
274 2985 321 3042 σοὶ
336 2982 572 3060 διακελευόμενον.
594 2988 716 3058 φανῆναι
727 2985 756 3041 δὲ
768 2982 845 3041 οὐδὲν
855 2982 969 3058 μᾶλλόν

164 3097 214 3147 μοι
234 3071 346 3147 ὀφείλει
367 3073 459 3150 ἔχοντι
478 3072 530 3147 τὴν
551 3071 607 3148 σήν
628 3073 735 3147 ἐσθῆτα
756 3069 773 3146 ἦ
795 3069 827 3128 ού
849 3069 894 3126 καὶ
917 3068 969 3145 τὴν

165 3159 245 3236 ε’μήν·
270 3159 333 3219 ούδέ
349 3185 377 3218 τι
394 3163 509 3234 μᾶλλον
527 3165 556 3220 έν
574 3161 652 3240 κοίτη
666 3165 702 3239 τῇ
716 3164 756 3238 σῇ
770 3158 970 3238 ἀναπαυομένῳ

164 3246 229 3323 ἢού
254 3249 300 3307 καὶ
322 3254 351 3308 έν
374 3251 410 3326 τῇ
435 3252 498 3327 ἐμῇ
529 3250 604 3324 εἴπερ
630 3275 663 3329 γε
692 3248 737 3305 καὶ
764 3247 858 3309 ἄλλως
879 3247 970 3305 ε’θέλει

166 3340 298 3413 φανῆναι·
320 3336 352 3396 ού
372 3336 427 3414 γάρ
448 3335 482 3411 δη
504 3342 531 3398 ἐς
551 3336 672 3394 τοσοῦτό
687 3359 720 3412 γε
735 3332 860 3410 εὐηθείης
874 3336 968 3407 ‹haja-a
