2278 3538
157 159 297 228 τοο-ιιι]
496 163 680 215 nomm.
911 168 956 218 τοι

156 247 243 306 πόλιν
255 249 310 305 τῶν
324 242 489 319 ένἜλλησι
505 244 689 320 προσφέρεαι,
698 241 750 302 ’καὶ
764 237 864 322 ἄνδρας
877 244 956 322 άρίσ·

156 333 248 397 τους.”
289 333 376 410 κάρτα
402 358 433 392 τε
460 331 494 407 δῆ
520 329 627 391 άπιστα
653 331 744 410 Ξέρξῃ
768 334 896 408 ἐφαίνετο
921 333 958 394 τά

157 421 297 503 λεγόμενα
311 421 388 490 εἶναι,
403 421 448 478 καὶ
462 417 575 497 δεύτερα
593 419 726 496 ἐπειρώτα
744 419 838 480 ὅντινα
852 421 958 498 τρόπον

91 513 94 520 Α
157 515 289 571 τοσοῦτοι
309 509 449 586 ἐόντεςτῇ
469 512 570 567 ἑωυτοῦ
589 512 707 586 στρατιῇ
725 509 916 586 μαχέσονται;
941 509 958 570 ό

158 598 188 657 δὲ
199 599 268 656 εἶπε·
284 608 301 632 “
311 597 331 655 ὦ
343 599 478 674 βασιλεῦ,
490 597 552 674 ε’μοὶ
565 597 691 675 χρᾶσθαι
702 595 737 659 ὦς
747 596 825 674 άνδρὶ
839 596 957 676 ψεύστῃ,
985 597 988 639 ἶ

157 683 192 760 ῆν
205 685 245 762 μῆ
258 685 347 760 ταῦτά
359 689 404 744 τὀι
417 684 505 764 ταύτῃ
518 686 591 764 ε’κβῇ
604 687 641 762 τῆ
655 683 708 766 ἐγὼ
722 683 821 765 λέγω.”

199 777 293 832 Ταῦτα
310 773 400 854 λέγων
417 772 467 832 οὐκ
487 773 579 832 ἔπειθε
597 773 647 832 τόν
664 773 779 854 Ξέοξεα·
799 774 1005 850 τέσσερας210

157 863 210 937 μὲν
230 860 264 938 δῆ
282 861 421 938 παρεξῆκε
442 860 554 937 ἡμέρας,
569 861 688 932 ἐλπίζων
706 861 761 919 αἰεί
779 867 872 936 σφεας
889 860 959 924 α’πο-

158 949 324 1024 δρήσεσθαι·
344 949 459 1027 πέμπτῃ
472 949 510 1018 δὲ,
525 947 560 1011 ὥς
571 947 620 1007 οὐκ
634 947 867 1019 ἀπαλλάσσοντο,
881 947 958 1008 α’λλά

159 1039 186 1094 οἱ
205 1037 352 1112 ἐφαίνοπο
371 1036 493 1114 ἀναιδείῃ
508 1061 539 1096 τε
558 1037 604 1095 καὶ
621 1035 746 1116 ἀβουλίῃ
762 1038 957 1116 διαχρεώμενοι

157 1125 258 1201 μένειν,
275 1125 378 1200 πέμπει
394 1121 435 1183 ἐπ’
450 1123 549 1187 αὐτοῦς
566 1123 682 1200 Μήδους
701 1151 732 1184 τε
752 1126 798 1183 καὶ
819 1126 958 1188 Κισσίους

159 1213 300 1288 θυμωθεὶς,
316 1211 506 1290 ἐντειλάμενός
523 1219 615 1288 σφεας
630 1213 827 1294 ζωγρήσαντας
840 1211 916 1293 ἄγειν
924 1219 956 1276 ·ε’ς

159 1297 224 1376 ὄψιν
238 1299 291 1376 τῆν
306 1303 415 1376 ἑωυτοῦ·
437 1299 472 1362 ὦς
490 1299 512 1358 δ’
527 1301 665 1368 ἐπέπεσον
678 1301 828 1377 φερόμενοι
847 1306 874 1364 ές
891 1299 956 1366 τούς

154 1385 297 1463 Ἓλληνας
315 1391 342 1447 οὶ
359 1388 462 1464 Μῆδοι,
481 1389 596 1447 ἔπιπτον
616 1388 731 1447 πολλοί·
753 1387 838 1456 ἄλλοι
857 1389 879 1448 δ’
896 1395 956 1449 ε’πε-

159 1474 272 1550 σήϊσαν,
286 1477 333 1536 ’καὶ
347 1475 397 1534 οὐκ
409 1475 602 1536 ’άπελαόνοντο
617 1477 714 1553 καίπερ
727 1476 855 1558 μεγάλως
869 1503 956 1556 προσ·
986 1511 991 1517 ·

158 1558 311 1620 πταίοντες·
325 1557 412 1632 δῆλον
426 1557 448 1616 δ’
458 1559 565 1616 ε’ποίευν
578 1558 664 1618 παντί
674 1583 725 1636 τεῳ
736 1561 782 1617 καὶ
795 1557 844 1618 οόκ
854 1558 957 1636 ἥκιστα

159 1643 231 1722 αὐτῷ
242 1645 370 1720 βασιλέϊ,
385 1644 428 1705 ὅτι
446 1645 552 1704 πολλοὶ
569 1649 619 1724 μὲν
635 1644 774 1723 ἅνθρωποι
793 1646 847 1706 εἶεν
863 1646 956 1730 ὀλίγοι

159 1731 189 1790 δὲ
202 1731 306 1810 ἄνδρες.
338 1734 443 1814 ἐγίνετο
457 1733 661 1810 δὲῆσυμβολῆ
673 1735 706 1794 δι’
714 1735 824 1812 ῆμέρης.
857 1735 940 1796 Ἐπεί
945 1739 1000 1797 211

158 1845 189 1880 τε
205 1820 234 1878 δὲ
255 1823 282 1879 οἱ
300 1821 394 1897 Μῆδοι
410 1822 532 1899 τρηχέως
549 1823 731 1899 περιείποντο,
748 1825 866 1884 ἐνθαῦτα
881 1821 958 1884 οὗτοι

156 1911 209 1985 μὲν
231 1907 392 1985 ὖπεξήῖσαν,
416 1913 442 1968 οἱ
462 1910 492 1968 δὲ
512 1911 623 1988 Πέρσαι
645 1911 818 1988 ἐκδεξάμενοι
839 1913 958 1988 ε’πήϊσαν

157 1995 222 2060 τεῆς
234 1995 388 2059 ἀθανάτους
401 1996 498 2056 ε’κάλεε
511 1999 657 2074 βασιλεῦς,
669 2005 723 2056 τῶν
733 1998 803 2077 ἦρχε
815 1999 956 2076 Ὑδάρνης,

158 2082 195 2145 οἷς
208 2082 241 2158 δῆ
256 2081 336 2144 οὗτοί
346 2109 379 2165 γε
397 2083 528 2148 εὐπετέως
544 2089 790 2165 κατεργασόμενοι·
812 2086 847 2148 ὥς
864 2087 894 2144 δὲ
913 2087 959 2144 καὶ

157 2167 236 2230 οὗτοι
251 2173 423 2254 συνέμισγον
443 2176 519 2232 τοῖσι
535 2172 670 2248 Ἕλλησι,
689 2172 766 2232 οὐδὲν
786 2174 874 2232 πλέον
895 2173 958 2248 ε’φέ-

157 2285 240 2335 ροντο
253 2263 304 2336 τῆς
317 2266 450 2338 στρατιῆς
465 2265 515 2336 τῆς
531 2260 660 2336 Μηδικῆς
673 2259 751 2319 άλλιὶ
765 2260 802 2319 τοὶ
818 2260 896 2328 αὐτοὶ,
911 2259 959 2320 ἅτε

159 2353 188 2406 ἐν
206 2347 376 2428 στεινοπόρῳ
391 2375 422 2408 τε
440 2348 521 2428 χώρῳ
534 2347 689 2427 μαχόμενοι
706 2347 752 2406 καὶ
771 2347 871 2425 δόρασι
888 2349 959 2426 βρα-

156 2435 300 2513 χυτέροισι
313 2436 464 2515 χρεώμενοι
476 2434 549 2514 ἥπερ
563 2435 744 2512 οἱἝλληνες,
759 2438 805 2496 καὶ
818 2436 868 2495 οὐκ
884 2437 959 2517 έχον-

156 2549 203 2586 τες
214 2522 319 2600 πλήθεϊ
331 2524 506 2604 χρήσασθαι.
542 2524 756 2600 Λακεδαιμόνιοι
774 2525 803 2583 δὲ
822 2524 960 2605 ἐμάχοντο

157 2610 239 2680 α’ξίως
251 2611 349 2694 λόγου,
363 2613 440 2672 ἄλλα
453 2639 484 2672 τε
497 2611 723 2689 ἀποδεικνύμενοι
737 2618 766 2672 έν
779 2613 828 2672 οὐκ
846 2620 959 2674 ε’πιστα-

157 2700 268 2774 μένοισι
281 2699 425 2780 μάχεσθαι
436 2700 655 2776 ἐξεπιστάμενοι,
667 2701 713 2758 καὶ
724 2699 792 2764 ὅκως
803 2704 960 2780 ἐντρέψειαν

156 2787 193 2847 τά
215 2792 295 2858 νῶτα,
317 2789 398 2852 άλέες
419 2789 577 2869 φεύγεσκον
599 2787 690 2863 δῆθεν·
716 2791 743 2848 οἷ
764 2789 793 2847 δὲ
814 2790 960 2867 βάρβαροι

157 2875 287 2951 ὁρέοντες
301 2879 457 2960 φεύγοντας
473 2877 533 2955 βοῇ
546 2902 577 2936 τε
595 2877 641 2936 καὶ
659 2877 774 2958 πατάγῳ
792 2877 960 2952 ἐπήϊσαν,οί

158 2962 182 3022 δ’
205 2960 239 3022 ἂν
264 2964 548 3043 καταλαμβανόμενοι
571 2963 749 3042 ὖπέστρεφον
775 2963 864 3025 α’ντίοι
892 2965 960 3024 εἶναι

156 3054 234 3111 τοῖσι
249 3053 437 3130 βαρβάροισι·
458 3051 718 3130 μεταστρεφόμενοι
736 3053 765 3112 δὲ
781 3054 961 3128 κατέβαλλον

157 3139 262 3215 πλήθεϊ
279 3140 483 3218 ἀναριθμήτους
499 3142 714 3218 τῶνΠερσέων·
736 3142 851 3198 ἔπιπτον
868 3140 897 3198 δὲ
916 3141 961 3200 καὶ

158 3227 249 3289 αὐτῶν
271 3234 326 3287 τῶν
349 3229 544 3305 Σπαρτιητέων
568 3231 685 3292 ε’νθαῗπα
709 3228 811 3308 όλίγοι.
853 3230 912 3286 ἐπεὶ
932 3229 961 3288 δὲ

159 3315 238 3376 οὐδὲν
258 3315 385 3376 ἐδυνέατο
405 3319 584 3394 παραλαβεῖν
605 3321 632 3377 οί
655 3317 768 3394 Πέρσαι
790 3318 841 3391 τῆς
861 3315 961 3384 ἐσόδου
