2276 3538
140 158 248 221 31—36]
454 155 639 205 ΠΟΛΤΜΝΙΑ.
895 157 939 208 137

140 239 257 298 ἐπίθετο
278 236 391 314 Ξέρξης,
408 235 482 295 δεινά
503 235 673 312 ποιεύμενος,
693 235 743 296 τόν
763 234 940 312 Ἑλλήσπον-

138 352 187 386 τον
210 325 319 384 ἐκέλευε
340 324 503 402 τριηκοσίας
519 325 664 402 ἐπικέσθαι
684 323 803 404 μάστιγι
821 324 940 405 πληγάς,

140 414 185 472 καὶ
206 417 327 474 κατεῖναι
344 417 371 476 ἐς
384 411 417 471 τό
431 413 555 493 πέλαγος
568 413 670 472 πεδέων
692 414 795 492 ζεῦγος.
837 411 890 488 ἤδη
910 413 940 472 δέ

138 501 247 578 ἥκουσα
261 500 296 565 ὦς
310 503 355 560 καὶ
369 502 482 581 στιγέας
495 499 554 577 ἅμα
572 500 697 560 τούτοισι
711 500 858 577 ἀπέπεμψε
880 502 938 559 στί-

139 591 237 660 ξοντας
257 590 306 649 τάν
322 587 547 664 Ἑλλήσποντον·
570 589 730 648 ἐνετέλλετο
753 588 785 663 δή
806 587 841 648 ὧν
860 588 939 664 ῥαπί-

138 681 236 749 ζοντας
249 679 342 759 λέγειν
352 676 491 754 βάρβαρά
503 703 533 736 τε
547 677 592 735 καὶ
606 676 765 736 ἀτάσθαλα·
781 674 828 732 “ὦ
841 675 940 752 πικρόν

138 766 218 843 ὕδωρ,
233 765 372 842 δεσπότης
385 791 429 825 τοι
443 766 521 840 δίκην
532 767 649 825 ἐπιτιθεῖ
661 764 750 840 τήνδε,
765 764 808 824 ὅτι
821 790 869 840 μιν
882 763 939 838 ἠδί-

140 880 228 930 κησας
244 853 323 914 οὐδὲν
343 854 413 931 πρός
434 856 537 913 ἐκείνου
558 853 652 914 ἄδικον
671 852 771 913 παθόν·
793 853 838 910 καὶ
854 855 938 928 βασι·

139 943 203 1005 λεύς
218 945 270 1019 μὲν
283 943 389 1020 Ξέρξης
403 942 573 1017 διαβήσεταί
593 970 635 1012 σε,
649 941 684 1018 ήν
699 969 730 1001 τε
746 941 784 1001 σύ
798 968 830 1022 γε
843 941 938 1020 βούλῃ

138 1029 173 1105 ἦν
190 1056 222 1090 τε
242 1031 291 1107 μή·
314 1032 362 1090 σοὶ
383 1031 412 1090 δέ
433 1031 503 1090 κατά
523 1032 600 1106 δίκην
617 1030 671 1108 άρα
687 1031 774 1093 οὐδεὶς
788 1028 937 1106 άνθροίπων

140 1118 206 1188 θύει,
222 1119 257 1182 ὦς
270 1119 342 1179 ἐόντι
356 1120 461 1198 δολερῷ
480 1147 511 1178 τε
530 1121 576 1177 καὶ
597 1119 711 1197 άλμυρῷ
727 1116 867 1196 ποταμῷ·”
887 1117 939 1192 τήν

139 1233 169 1265 τε
190 1207 224 1283 δή
247 1207 398 1268 θάλασσαν
421 1209 580 1267 ἐνετέλλετο
600 1208 727 1266 τούτοισι
748 1208 870 1282 ζημιοῦν,
893 1207 939 1263 καὶ

139 1300 194 1354 τῶν
207 1296 383 1356 ἐπεστεώτων
395 1301 431 1378 τῇ
445 1295 518 1366 ζεύξι
535 1300 585 1354 τοῦ
598 1293 814 1369 Ἑλλησπόντου
835 1293 937 1351 άπστα-

139 1387 202 1458 μεῖν
216 1383 265 1447 τάς
282 1384 417 1461 κεφαλάς.
460 1385 517 1442 Καὶ
532 1387 558 1442 οἱ
572 1386 623 1460 μὲν
636 1387 723 1441 ταῦτα
740 1382 847 1440 ἐποίεον
862 1385 938 1439 τοῖσι
948 1382 984 1439 36

140 1473 308 1548 προσεκέετο
330 1472 398 1548 αὕτη
412 1472 430 1548 ή
444 1471 542 1551 άχαρις
555 1471 632 1547 τιμή·
653 1470 703 1533 τάς
716 1471 745 1528 δὲ
759 1468 844 1528 άλλοι
860 1468 937 1547 άρχι-

140 1561 264 1624 τέκτονες
284 1561 459 1642 ἐζεύγνυσαν·
482 1561 648 1642 ἐζεύγνυσαν
665 1560 693 1617 δὲ
710 1557 770 1617 ὧδε·
792 1583 938 1633 πεντηκον-

140 1649 235 1726 τέρους
249 1651 294 1708 καὶ
307 1649 434 1726 τριήρεας
445 1650 599 1719 συνθέντες,
609 1647 663 1707 ύπδ
677 1650 728 1723 μὲν
741 1647 792 1722 τήν
805 1645 875 1723 πρός
888 1649 938 1704 τοῦ

140 1736 270 1807 Εὐξείνου
291 1736 403 1796 Πόντου
426 1736 558 1810 ἑξήκοντά
579 1762 609 1795 τε
630 1737 675 1794 καὶ
696 1735 864 1813 τριηκοσίας,
883 1733 938 1793 find

140 1825 170 1884 δέ
182 1826 234 1902 τήν
247 1826 342 1901 ἑτέρην
362 1825 614 1901 τεσσερεσκαίδεκα
635 1825 681 1882 καὶ
701 1819 869 1900 τριηκοσίας,
888 1826 939 1881 τοῦ

139 1916 191 1990 μέν
204 1913 315 1973 Πόντου
335 1913 497 1990 ἐπικαρσίας
516 1916 566 1971 τοῦ
587 1913 616 1970 δὲ
636 1911 850 1987 Ἑλλησπόντου
869 1909 939 1990 κατά

140 2002 213 2077 ῥόον,
225 2002 269 2060 ἵνα
282 2000 442 2079 α’νακωχεύη
455 2000 504 2060 τόν
517 1999 599 2060 τόνον
611 1991 666 2058 τῶν
676 1999 779 2058 ὅπλων·
794 1999 939 2059 συνθέντες

140 2089 177 2158 δὲ,
192 2088 314 2169 ἀγκύρας
328 2093 450 2163 κατῆκαν
463 2087 720 2165 περιμήκεας-τάς
733 2089 784 2163 μὲν
801 2086 870 2161 πρός
889 2089 939 2143 τοῦ

142 2177 252 2236 Πόντου
267 2181 317 2252 τῆς
330 2177 430 2253 ἑτέρης,
446 2179 501 2234 τῶν
521 2175 628 2251 άνέμων
648 2175 748 2233 εἵνεκεν
767 2178 821 2232 τῶν
835 2172 937 2231 ἔσωθεν

140 2265 315 2335 ἐκπνεόντων,
329 2268 379 2340 τῆς
392 2265 422 2323 δὲ
436 2265 529 2340 ἑτέρης
547 2263 620 2345 [τῆς]
634 2262 703 2338 πρός
718 2262 836 2338 ἑσπέρης
848 2285 879 2319 τε
893 2260 939 2317 καὶ

139 2357 190 2410 τοῦ
208 2351 448 2433 Αἰγαίου-εὔρου
467 2378 498 2410 τε
516 2352 561 2409 καὶ
576 2350 656 2410 νότου
672 2351 769 2408 εἵνεκα·
791 2349 940 2410 διέκπλοον

140 2439 170 2498 δὲ
182 2439 346 2516 ύπόφαυσιν
362 2441 512 2499 κατέλιπον
524 2443 579 2498 τῶν
591 2439 812 2514 πεντηκοντέρων
825 2437 870 2495 καὶ
883 2462 939 2513 τρι-

139 2533 202 2606 χοῦ,
218 2528 262 2587 ἵνα
276 2528 322 2586 καὶ
336 2533 363 2590 ἐς
375 2527 424 2587 τόν
438 2527 549 2587 Πόντον
563 2529 613 2605 ἔχῃ
627 2526 642 2585 ό
655 2525 831 2602 βουλόμενος
844 2526 940 2584 πλέειν

141 2617 268 2676 πλοίοισι
290 2619 430 2684 λεπτοῖσι,
452 2616 498 2674 καὶ
519 2621 549 2674 ἐκ
571 2619 621 2674 τοῦ
639 2613 751 2673 Πόντου
773 2615 831 2684 ἔξω·
852 2617 940 2672 ταῦτα

141 2703 170 2762 δὲ
183 2704 358 2779 ποιήσαντες,
373 2705 527 2763 κατέτεινον
541 2707 571 2761 ἐκ
584 2707 636 2783 γῆς
649 2704 854 2778 στρεβλοῦντες
871 2700 940 2761 ὄνοι-

142 2811 173 2850 σι
186 2792 324 2861 ξυλίνοισι
334 2791 369 2851 τά
379 2791 463 2861 ὅπλα,
475 2790 565 2850 ούκέτι
577 2791 661 2869 χωρὶς
675 2791 789 2867 ἑκάτερα
802 2790 939 2859 τάξαντες,

142 2879 218 2939 α’λλά
232 2880 281 2939 δύο
295 2883 346 2957 μὲν
356 2881 519 2938 λευκολίνου
529 2879 681 2955 δασάμενοι
695 2884 722 2941 ἐς
731 2879 868 2954 ἑκατέρην,
877 2878 940 2936 τέσ-

143 2985 213 3044 ’σερα
234 2968 264 3026 δέ
285 2973 339 3027 τῶν
362 2967 519 3044 βυβλίνων·
545 2966 671 3045 παχύτης
693 2969 743 3043 μὲν
763 2965 781 3040 ἡ
804 2964 873 3038 αὐτή
897 2965 942 3022 καὶ

143 3056 277 3131 καλλονή,
292 3056 362 3114 κατά
382 3055 469 3135 λόγον
489 3056 519 3114 δὲ
538 3054 573 3130 ἦν
586 3055 791 3130 ἐμβριθέστερα
804 3052 839 3110 τά
853 3052 940 3108 λίνεα·

143 3147 192 3202 τοῦ
204 3143 343 3203 τάλαντον
356 3142 372 3202 ὁ
386 3147 477 3220 πῆχυς
491 3143 574 3202 εἷλκε.
617 3141 710 3215 ἐπειδή
730 3141 759 3198 δὲ
778 3136 940 3219 ἐγεφυρώθη

142 3231 159 3291 ό
172 3231 267 3308 πόρος,
280 3229 398 3308 κορμούς
411 3231 501 3300 ξύλων
515 3231 734 3307 καταπρίσαντες
748 3228 793 3285 καὶ
806 3223 940 3299 ποιήσαν-

141 3343 188 3383 τες
205 3321 285 3382 ’ίσους
302 3323 352 3394 τῆς
370 3318 484 3396 σχεδίης
504 3318 551 3393 τῷ·
563 3318 642 3396 εὔρεϊ,
661 3315 757 3388 κόσμῳ
776 3313 940 3374 ἐπετίθεσαν
