2268 3536
138 215 244 282 ,ιτ-ιο]
441 217 643 266 υυννικουα.
907 215 937 268 ιτ

135 296 266 364 ἐξεδιδου,
281 294 371 355 ἄλλον
385 299 412 358 ἐς
427 294 519 372 ἀλλην
532 295 617 355 πόλιν
633 295 799 373 παραδιδούς
816 294 883 356 Ἰὅθεν
897 295 939 371 ε’ίη

137 385 264 446 ἕκαστος.
292 383 376 459 Κιύην
385 385 437 460 μέν
448 410 496 443 νυν
505 387 692 459 Μυτιληναῖοι
703 387 765 443 ἐπεί
774 410 805 443 τε
815 383 938 462 τάχιστα
948 385 985 441 38

136 472 311 548 παρέλαβον,
323 471 505 552 ἐξαγαγόντες
518 473 699 531 κατέλευσαν·
717 477 840 548 Κυμαῖοι
851 472 880 530 δὲ
890 472 939 530 τόν

135 560 276 636 σφέτερον
290 559 379 620 αὐτῶν
393 560 514 634 ἀπῆκαν·
533 561 568 624 ὣς
581 561 611 619 δέ
625 560 671 618 καὶ
685 559 770 618 ἅλλοι
784 563 810 618 οἱ
823 563 939 622 πλεῦνες

135 649 266 708 ἀπίεσαν·
300 648 439 725 τυράννων
451 651 504 726 μέν
517 675 565 710 νυν
579 647 752 711 κατάπαυσις
766 649 874 728 ἐγένετο
888 647 940 708 ἀνά

134 735 186 799 τάς
199 738 309 800 πόλιας.

175 817 380 899 Ἀρισταγόρης
401 818 430 877 δὲ
451 817 468 878 ά
489 817 633 894 Μιλήσιος
654 819 689 881 ὦς
709 817 774 880 τούς
791 815 939 894 τυράννους

136 909 294 966 κατέπαυσε
307 907 482 987 στρατηγούς
498 912 526 966 ἐν
540 905 644 986 ἑκάστη
657 911 712 966 τῶν
726 906 832 964 πολίων
846 903 938 963 κελεύ-

135 1021 188 1058 σας
209 996 343 1058 ἑκάστους
363 1000 549 1071 καταστῆσαι,
569 995 682 1072 δεύτερα
702 994 785 1056 αύτός
804 999 831 1056 ἐς
851 1000 936 1051 Λακε-

136 1082 253 1158 δαίμονα
276 1083 383 1160 τριήρεϊ
409 1083 571 1146 ἀπόστολος
596 1085 710 1164 ἐγίνετο·
738 1082 795 1140 ἔδεε
821 1081 876 1161 γάρ
903 1080 937 1157 δή

137 1173 299 1248 συμμαχίης
312 1171 386 1234 τινός
401 1175 427 1230 οἱ
440 1170 566 1252 μεγάλης
580 1171 763 1246 ἐξευρεθῆναι.

178 1261 234 1331 Τῆς·
257 1258 286 1314 δὲ
314 1258 444 1333 Σπάρτης
467 1257 679 1335 Ἀναξανδρίδης
705 1261 756 1334 μὲν
780 1257 795 1316 ὁ
818 1259 938 1320 Λέοντος
947 1260 985 1316 39

139 1342 231 1402 ούκέτι
243 1345 359 1420 περιειδν
369 1346 529 1419 ἐβασίλευε,
541 1345 618 1403 ἀλλά
633 1344 846 1419 ἐτετελευτήκεε·
864 1351 938 1404 Κλε-

138 1434 238 1509 ομένης
259 1433 288 1492 δὲ
308 1431 324 1492 ἀ
344 1431 561 1508 Ἀναξανδρίδεω
582 1433 640 1512 εἶχε
659 1432 711 1508 τήν
727 1433 891 1508 βασιληίην,
906 1432 938 1492 ού

137 1520 207 1580 κατά
220 1521 408 1602 ἀνδραγαθίην
421 1519 500 1599 σχῶν
513 1519 591 1580 ἀλλά
604 1520 674 1580 κατά
686 1521 775 1602 γένος.
809 1519 938 1590 Ἀναξαν-

135 1607 214 1688 δριδη
224 1609 278 1689 γάρ
290 1611 381 1688 ἔχοντι
393 1612 510 1690 γυναῖκα
524 1607 665 1685 ἀδελφεῆς
678 1613 779 1668 ἑωυτοῦ
789 1609 935 1690 θυγατέρα,

135 1698 181 1755 καὶ
192 1697 291 1773 ἐούσης
301 1697 402 1772 ταύτης
411 1700 438 1756 οἶ
449 1699 626 1774 καταθυμίης,
637 1698 733 1761 παῖδες
743 1697 792 1756 ούκ
803 1699 935 1778 ἐγίνοντο·

134 1785 233 1844 τούτου
249 1785 278 1844 δὲ
293 1785 420 1844 τοιούτου
440 1785 540 1856 ἐόντος,
556 1789 582 1846 οἱ
600 1788 698 1864 ἔφοροι
714 1786 794 1846 εἶπαν
810 1792 936 1855 ἐπικαλε-

136 1873 253 1950 σάμενοι
269 1872 361 1944 αύτὸν,
377 1885 394 1908 “
404 1874 429 1932 εἴ
445 1901 489 1934 τοι
507 1873 544 1934 σύ
559 1901 592 1955 γε
611 1879 733 1934 σεωυτοῦ
749 1874 789 1952 μή
804 1879 935 1954 προορᾷς,

134 1961 200 2020 ἀλλ’
210 1961 277 2039 ήμῖν
290 1963 373 2022 τοῦτό
387 1968 449 2022 ἐστι
463 1963 495 2022 ού
508 1964 673 2040 περιοπτέον
686 1965 766 2044 γένος
780 1963 812 2022 τά
827 1962 935 2040 Εὐρυσ-

136 2050 227 2113 θένεος
250 2051 383 2131 γενέσθαι
407 2051 543 2126 ἐξίτηλον.
585 2051 622 2110 σύ
645 2078 693 2110 νυν
716 2051 767 2127 τῆν
790 2054 842 2126 μὲν
866 2052 937 2129 ἔχεις

134 2141 258 2217 γυναῖκα,
274 2139 336 2198 ἐπεί
348 2165 378 2198 τε
391 2165 436 2198 τοι
449 2138 481 2197 ού
494 2140 588 2209 τίκτει,
603 2140 670 2209 ἔξεο,
685 2138 778 2215 άλλην
792 2139 821 2198 δὲ
834 2143 935 2219 γῆμον·

135 2226 181 2282 καὶ
198 2227 298 2285 ποιέων
311 2231 406 2297 ταῦτα,
422 2227 618 2305 Σπαρτιήτῃσι
632 2226 770 2301 ἀδήσεις·”
787 2225 803 2284 ά
818 2226 847 2284 δὲ
861 2225 936 2302 ἀμεί-

134 2315 205 2387 βετο
220 2314 276 2390 φάς
293 2315 398 2374 τούτων
418 2314 548 2390 οὐδέτερα
564 2313 702 2388 ποιήσειν·
724 2315 842 2376 ἐκείνους
857 2340 888 2373 τε
904 2314 936 2374 οὗ

135 2406 227 2464 καλῶς
243 2402 450 2480 συμβουλεύειν
463 2403 661 2477 παραινέοντας
673 2400 725 2476 τήν
741 2402 798 2480 ἔχει
811 2406 934 2483 γυναῖκα,

135 2493 238 2549 ἐοῦσαν
259 2489 454 2568 ἀναμάρτητον
476 2493 571 2572 ἑωυτῷ,
593 2489 696 2566 ταύτην
719 2489 823 2550 ἀπέντα
844 2489 935 2570 ἀλλην

135 2580 338 2659 ἐσαγαγέσθαι·
360 2577 424 2636 ούδέ
438 2585 494 2655 σφι
508 2578 667 2639 πείσεσθαι.
710 2579 788 2656 Πρός
805 2585 892 2640 ταῦτα
909 2585 983 2642 οἱ40

135 2666 233 2743 ἔφοροι
255 2668 300 2726 καὶ
321 2669 347 2726 οἱ
365 2667 493 2748 γέροντες
509 2666 742 2744 βουλευσάμενοι,
759 2669 936 2747 προσέφερον

134 2749 333 2834 Ἀναξανδρίδῃ
354 2755 429 2814 τάδε·
455 2765 472 2790 “
481 2755 540 2814 ἐπεὶ
563 2756 655 2815 τοίνυν
675 2782 718 2815 τοι
739 2757 936 2836 περιεχόμενόν

135 2869 170 2902 σε
184 2841 299 2920 ὁρέομεν
308 2847 359 2919 τῆς
373 2844 444 2922 ἔχεις
455 2843 592 2924 γυναικός,
604 2844 642 2902 σύ
657 2844 786 2904 δὲταῦτα
799 2847 875 2905 ποίεε
889 2848 935 2906 καὶ

134 2931 175 3007 μή
191 2930 335 3008 ἀντίβαινε
351 2931 484 3002 τούτοισι,
503 2933 547 2991 ἵνα
566 2932 606 3009 μή
625 2959 653 2992 τι
669 2932 786 2992 ἀλλοῖον
802 2936 866 3012 περὶ
885 2939 936 2994 σεῦ

135 3022 162 3078 οἶ
177 3020 350 3097 Σπαρτιῆται
363 3019 584 3096 βουλεύσωνται·
600 3021 729 3102 γυναικός
741 3025 793 3097 μὲν
802 3027 851 3097 τῆς
866 3024 937 3100 ἔχεις

134 3106 168 3166 ού
189 3106 386 3184 προσδεόμεθά
409 3134 459 3167 σευ
481 3113 530 3185 τῆς
552 3110 667 3178 ἐξέσιος·
689 3108 726 3167 σύ
750 3109 779 3166 δὲ
799 3109 885 3186 ταύτῃ
905 3134 936 3167 τε

134 3194 227 3254 πάντα
249 3195 304 3255 ὅσα
327 3201 374 3256 νῦν
396 3198 526 3276 παρέχεις
549 3197 661 3274 πάρεχε,
685 3198 731 3254 καὶ
755 3194 846 3268 άλλην
867 3195 937 3269 πρὸς

133 3283 222 3361 ταύτῃ
242 3285 365 3365 ἐσάγαγε
384 3289 500 3365 γυναῖκα
520 3283 706 3344 τεκνοποιόν·”
735 3280 822 3338 ταῦτά
840 3306 873 3354 κη
891 3285 937 3338 λε-

134 3371 248 3453 γόντων,
267 3373 447 3452 συνεχώρησε
467 3372 483 3431 ὁ
503 3369 725 3443 Ἀναξανδρίδης·
746 3365 817 3440 μετὰ
837 3367 874 3435 δὲ,
890 3393 938 3446 γυ·
