2268 3536
155 142 295 206 108-2112]
458 139 661 190 ΤΕΡΨΙΧΟΡΗ.
925 143 956 190 53

155 225 205 300 μὲν
226 221 352 283 τοάτοισι
375 219 538 300 άμείψαντο·
568 219 638 296 μετά
663 220 700 290 δὲ,
724 218 846 296 ἡκόντων
874 225 902 284 ές
924 220 957 282 τό

155 312 249 370 πέδιον
268 310 301 370 τό
324 310 499 386 Σαλαμινίων
519 313 574 368 τῶν
595 309 736 385 Περσέων,
759 309 910 370 διέτασσον
931 313 958 368 οἱ

154 401 291 470 βασιλέες
310 403 364 458 τῶν
386 399 517 475 Κυπρίων
537 396 601 460 τούς
620 400 672 474 μὲν
693 395 797 460 ἅλλους
816 398 957 476 Κυπρίους

154 487 225 546 κατά
238 487 303 550 τούς
316 485 422 548 ἄλλους
440 485 612 562 στρατιώτας
625 484 848 558 ἀντιτάσσοντες,
865 488 957 550 Σαλα-

153 577 249 651 μινίων
264 576 353 635 δὲκαὶ
368 575 476 639 Σολίων
490 573 675 642 ἀπολέξαντες
693 573 726 634 τά
747 572 862 650 ἄριστον
882 575 957 636 άντέ-

152 691 263 724 τασσον
287 666 428 741 Πέρσησι.
470 661 612 744 Ἀρτυβίῳ
630 663 658 721 δὲ
679 667 717 742 τῷ
739 668 886 744 στρατηγῷ
904 668 958 724 τῶν

154 754 288 829 Περσέων
296 752 443 827 ἐθελοντὴς
453 752 642 811 ἀντετάσσετο
649 751 811 828 Ὀνήσιλος.
828 751 937 812 Ἢλαυ-
948 757 1000 813 lll

153 868 183 900 νε
196 843 225 900 δὲ
240 841 325 902 ἵππον
339 841 355 901 ά
368 841 518 918 Ἀρτύβιος
539 841 734 923 δεδιδαγμένον
750 842 821 918 πρός
838 842 958 918 ὁπλίτην

154 929 290 991 ἵστασθαι
300 930 394 1008 ὀρθόν.
435 931 590 1007 πυθόμενος
612 930 648 992 ὧν
661 936 749 990 ταῦτα
766 930 781 990 ὁ
795 928 956 1006 Ὀνήσιλος,

153 1017 187 1092 ἦν
199 1020 254 1099 γάρ
268 1023 295 1078 οἱ
307 1019 491 1094 άπασπιστης
507 1021 586 1100 γένος
600 1023 651 1097 μὲν
665 1020 729 1097 Κάρ
743 1020 778 1078 τά
792 1020 821 1078 δὲ
834 1020 958 1096 πολέμια

154 1105 242 1180 κάρτα
257 1106 369 1182 δόκιμος
386 1107 431 1165 καὶ
452 1107 545 1170 άλλως
562 1109 689 1184 λήματος
704 1110 799 1176 πλέος,
814 1108 874 1166 εἶπε
887 1107 958 1185 πρδς

154 1195 263 1252 τοῦτον
277 1194 471 1270 “πυνθάνομαι
484 1193 534 1254 τόν
546 1194 699 1271 Ἀρτυβίου
711 1197 796 1254 ἵππον
807 1195 957 1271 ἱστάμενον

155 1277 248 1354 ὀρθόν,
263 1281 309 1338 καὶ
322 1281 392 1339 ποσὶ
406 1281 451 1339 καὶ
465 1281 586 1357 στόματι
601 1283 819 1362 κατεργάζεσθαι
829 1283 898 1358 πρὸς
909 1283 958 1342 τᾶν

155 1365 189 1427 ἂν
209 1370 394 1448 προσενεχθῇ·
419 1368 456 1428 σι)
476 1369 513 1429 ὧν
532 1368 761 1445 βουλευσάμενος
779 1368 876 1428 αὖτίκα
898 1373 957 1428 εἰπὲ

155 1455 285 1534 ὁκότερον
304 1456 425 1533 βούλεαι
446 1456 575 1533 φυλάξας
594 1457 709 1532 πλῆξαι,
729 1459 782 1517 εἴτε
803 1457 851 1518 τόν
871 1458 958 1518 ἵππον

155 1545 208 1604 εἴτε
229 1544 313 1605 αὐτόν
332 1544 507 1622 Ἀρτύβιον.”
549 1545 609 1606 εἶπε
629 1545 700 1622 πράς
719 1551 807 1606 ταῦτα
825 1545 841 1605 ό
859 1546 954 1607 ὀπάων

154 1632 248 1693 αὐτοῦ·
270 1633 437 1710 ὦβασιλεῦ,
452 1638 562 1712 ἑτοῖμος
579 1637 631 1710 μὲν
650 1633 703 1715 ἒγά
723 1639 778 1712 εἶμι
794 1635 897 1695 ποιέειν
911 1637 957 1694 καὶ

154 1720 300 1798 άμφότερα
321 1723 366 1780 καὶ
386 1721 419 1783 τά
442 1722 534 1798 ἕτερον
555 1722 652 1793 αὐτῶν,
674 1723 720 1781 καὶ
740 1722 848 1786 πάντως
869 1723 900 1783 τό
922 1722 956 1783 ἂν

155 1810 310 1888 ἐπιτάσσῃς
329 1809 376 1869 σά·
404 1809 439 1872 ὥς
457 1811 553 1887 μέντοι
574 1812 668 1892 ἔμοιγε
688 1811 777 1870 δοκέει
794 1811 862 1871 εἶναι
879 1815 956 1871 τοῖσι

155 1904 235 1958 σοῖσι
254 1899 403 1980 πρήγμασι
420 1899 675 1976 προσφερέστερον,
696 1898 807 1976 φράσω·
827 1901 955 1974 βασιλέα

155 1989 205 2060 μὲν
224 1987 268 2044 καὶ
287 1985 445 2067 στρατηγόν
458 1986 542 2065 χρεόν
561 1987 633 2046 εἶναί
644 1993 719 2063 φημι
732 1988 853 2063 βασιλέϊ
865 2014 896 2046 τε
910 1989 955 2046 καὶ

155 2079 302 2155 στρατηγῷ
319 2074 543 2151 προσφέρεσθαι·
564 2074 599 2150 ἦν
615 2100 647 2134 τε
664 2075 719 2155 γάρ
738 2076 857 2152 κατέλῃς
870 2074 956 2151 ἄνδρα

155 2163 321 2243 στρατηγόν,
344 2163 418 2243 μέγα
440 2188 484 2222 τοι
506 2164 621 2243 γίνεται·
651 2163 696 2220 καὶ
721 2161 841 2237 δεύτερα,
863 2159 897 2236 ἢν
921 2165 956 2220 σὲ

155 2254 256 2313 ἐκεῖνος
272 2250 305 2309 τά
323 2250 363 2327 μὴ
382 2251 499 2330 γένοιτο,
514 2249 568 2308 ὑπό
588 2247 723 2328 α’ξιόχρεω
741 2248 787 2306 καὶ
806 2247 956 2308 άποθανεῖν

407 2337 414 2356 Ι
458 2336 465 2356 ῑ
495 2337 503 2359 Ι
553 2337 580 2396 δΧ
641 2337 649 2358 ἱ
690 2335 698 2354 ⁸
763 2337 771 2358 Ι
842 2339 849 2358 R

154 2338 258 2414 ἡμίσεα
278 2345 424 2414 συμφορη·
447 2362 534 2413 ημεας
570 2363 582 2394 ε
599 2362 664 2399 τους
681 2361 819 2412 υπηρετας
837 2337 959 2412 ετέροισί

153 2453 184 2486 τε
196 2426 350 2504 ὑπηρέτῃσι
366 2425 583 2501 προσφέρεσθαι
596 2424 642 2482 καὶ
655 2423 725 2502 πρός
739 2425 832 2484 ἵππον·
854 2428 905 2484 τοῦ
915 2425 953 2486 σι)

153 2514 203 2576 τάς
216 2514 343 2593 μηχανάς
356 2513 442 2590 μηδὲν
460 2513 602 2590 φοβηθῇς·
624 2511 677 2596 ε’γῶ
690 2512 745 2593 γάρ
759 2511 817 2593 [δηΊ
832 2539 876 2572 τοι
889 2513 955 2574 ὕπο-

154 2603 268 2679 δέκομαι
290 2602 331 2679 μή
353 2628 402 2679 μιν
426 2599 524 2677 άνδρδς
545 2601 584 2660 ἔτι
604 2627 637 2682 γε
656 2599 774 2677 μηδενός
795 2601 955 2676 στήσεσθαι

154 2689 301 2751 ε’ναντίον.”
328 2694 422 2749 Ταῦτα
435 2688 503 2759 εἶπε,
518 2689 564 2748 καὶ
576 2691 727 2764 μεταυτίκα
737 2690 890 2770 συνέμισγε
900 2690 935 2750 τά
945 2693 1001 2750 112

153 2779 331 2857 στρατόπεδα
348 2779 419 2856 πεζῇ
437 2776 483 2836 καὶ
500 2778 591 2852 νηυσί·
614 2778 697 2853 νηυσὶ
716 2779 767 2854 μέν
789 2803 836 2837 νυν
853 2777 953 2847 Ἴωνες,

153 2867 233 2944 ἄκροι
253 2867 397 2947 γενόμενοι
416 2864 519 2940 ταύτην
538 2864 589 2940 τήν
609 2864 722 2941 ἡμέρην,
743 2864 955 2942 ὑπερεβάλοντο

153 2956 217 3018 τούς
230 2956 368 3017 Φοίνικας·
397 2953 443 3012 καὶ
456 2952 560 3012 τούτων
573 2953 675 3028 Σάμιοι
688 2952 867 3029 ἠρίστευσαν·
885 2955 954 3029 πεζῇ

153 3044 191 3112 δὲ,
213 3043 249 3108 οἷς
271 3043 396 3119 συνῆλθε
416 3041 451 3100 τά
473 3040 657 3117 στρατόπεδα,
683 3040 867 3116 συμπεσόντα
889 3039 952 3115 ε’μά-

152 3159 248 3212 χοντο.
291 3131 361 3190 κατά
381 3131 410 3188 δὲ
425 3129 488 3192 τούς
507 3128 682 3210 στρατηγοός
700 3127 876 3203 ἀμφοτέρους
890 3125 955 3184 τάδε

154 3222 269 3300 ἐγίνετσ
305 3219 340 3282 ὦς
366 3217 559 3294 προσεφέρετο
586 3216 657 3292 πρός
682 3214 732 3274 τόν
758 3212 912 3285 Ὀνήσιλον
939 3211 955 3272 o‘

7 3377 25 3418 Ι
153 3308 304 3382 Ἀρτάβιος
326 3305 371 3364 ε’πὶ
394 3309 443 3364 τοῦ
469 3305 555 3362 ἵππου
578 3303 737 3377 κατήμενος,
763 3298 778 3358 ὁ
802 3297 956 3372 Ὀνήσιλος

165 3385 186 3430 11
207 3397 247 3430 -ε,
