2268 3536
166 144 197 194 τι
474 143 656 192 ἭΡοΔοτοτ
903 142 963 207 [vl.

167 220 213 278 έπὶ
235 221 325 280 πλέον
348 222 457 302 ε’γένετο
480 221 584 281 τούτων
608 227 635 306 ές
659 224 747 283 νεῖκος
771 221 858 297 φέρον
877 219 966 290 Ἴωσι,

167 305 245 366 ἀλλά
257 306 324 366 τάδε
344 311 396 386 μὲν
413 309 542 387 χρήσιμα
564 307 651 384 κάρτα
671 311 747 366 τοῖσι
759 308 840 367 Ἴωσι
859 309 967 389 ἐγένετο

167 394 267 455 τούτου
280 400 332 456 τοῦ
346 399 428 460 ἔτεος.
462 396 653 473 Ἀρταφέρνης
667 395 683 454 ἀ
698 396 820 471 Σαρδίων
834 395 967 475 ὕπαρχος,

166 485 420 562 μεταπεμψάμενος
437 484 575 564 ἀγγέλους
587 488 617 541 ἐκ
630 487 685 542 τῶν
701 483 807 542 πολίων
828 484 969 559 συνθήκας

168 573 257 647 σφίσι
278 572 389 632 αύτοῐσι
407 571 472 634 τούς
486 569 583 633 Ἰωνας
599 569 743 651 ήνάγκασε
756 571 911 643 ποιέεσθαι,
926 573 969 632 ἵνα

168 659 303 718 δοσιδικοι
318 661 371 719 εἶεν
385 661 430 718 καὶ
443 657 484 735 μή
493 656 638 733 ἀλλήλους
648 659 760 736 φέροιέν
768 685 798 718 τε
809 659 855 718 καὶ
864 659 968 742 ἄγοιεν.

168 748 255 806 ταῦτά
279 773 310 806 τε
333 747 476 828 η’νιίγκασε
499 736 602 806 ποιέειν
625 748 670 806 καὶ
688 746 738 810 τάς
759 747 851 826 χώρας
872 749 969 824 σφέων

168 835 311 911 μετρήσας
341 835 411 893 κατά
440 833 747 916 παρασάγγας-τούς
777 836 911 895 καλέουσι
943 840 969 896 οἱ

170 922 281 996 Πέρσαι
307 921 342 981 τά
368 921 517 998 τριήκοντα
544 923 766 994 στάδια,-·κατά
792 924 826 999 δή
856 923 970 987 τούτους

168 1008 312 1085 μετρήσας
333 1010 439 1086 φόρους
460 1012 538 1081 ἔταξε
563 1012 717 1082 ἑκάστοισι,
737 1012 764 1072 οἳ
785 1011 855 1071 κατά
876 1011 970 1090 χιύρην

879 1101 945 1124 Ην

169 1097 344 1157 διατελέουσι
365 1103 474 1178 ἔχοντες
497 1105 526 1159 ε’κ
547 1100 647 1160 τούτου
669 1105 718 1161 τοῦ
737 1099 839 1180 χρόνου
858 1127 911 1160 αιει
931 1127 970 1160 ετι

170 1185 215 1242 καὶ
229 1190 256 1248 ές
270 1189 326 1262 ἐμὲ,
342 1186 377 1250 οἷς
392 1187 553 1267 ε’τάχθησαν
572 1189 603 1258 ἐξ
619 1188 831 1266 Ἀρταφέρνεος·
854 1188 969 1266 ε’τάχθη-

170 1297 224 1331 σαν
238 1274 267 1332 δὲ
281 1276 385 1353 σχεδόν
400 1276 469 1336 κατά
484 1277 519 1336 τά
534 1277 604 1336 αύτά
621 1277 657 1337 τά
676 1279 722 1336 καὶ
734 1278 870 1354 πρότερον
884 1277 968 1354 εἶχον.

122 1363 161 1419 43
171 1363 230 1420 Καί
242 1371 297 1434 σφι
310 1369 398 1423 ταῦτα
418 1368 470 1442 μὲν
491 1369 614 1442 εἰρηναῖα
634 1364 678 1440 ἦν.
720 1365 778 1440 ἀμα
798 1366 827 1422 δὲ
845 1368 883 1441 τῷ
902 1366 968 1438 ἔαρι,

169 1454 223 1508 τῶν
237 1450 332 1510 ἄλλων
349 1454 579 1530 καταλελυμένων
600 1456 765 1531 στρατηγῶν
779 1457 809 1508 έκ
821 1450 968 1525 βασιλέος,

170 1539 329 1614 Μαρδόνιος
356 1540 372 1600 ἀ
397 1540 535 1616 Γοβρύεω
562 1540 709 1612 κατέβαινε
736 1539 781 1594 ἐπὶ
809 1536 968 1604 θάλασσαν,

169 1627 292 1702 στρατάν
319 1627 430 1687 πολλάν
452 1629 504 1702 μὲν
531 1626 617 1700 κάρτα
644 1625 727 1694 πεζάν
753 1623 811 1699 ἅμα
834 1623 970 1701 ἀγόμενος

169 1716 280 1775 πολλάν
297 1716 326 1774 δὲ
344 1713 480 1781 ναυτικάν,
495 1712 607 1787 ἡλικίην
620 1738 651 1771 τε
665 1714 724 1774 νέος
738 1711 797 1781 εἰδν,
812 1711 857 1770 καὶ
870 1713 969 1771 νεωστὶ

169 1803 334 1884 γεγαμηκιάς
359 1801 499 1876 βασιλέος
523 1801 643 1874 Δαρείου
671 1801 807 1880 θυγατέρα
833 1799 969 1878 Ἀρταζιύ-

171 1917 269 1966 στρην.
310 1888 384 1969 ἄγων
405 1887 435 1945 δὲ
456 1886 506 1946 τάν
528 1888 650 1962 στρατάν
669 1891 768 1947 τοῦτον
782 1889 797 1948 ὁ
812 1888 971 1966 Μαρδόνιος

170 1979 233 2036 ε’πεί
243 2003 274 2035 τε
288 1976 395 2054 ἐγένετο
410 1979 439 2034 έν
452 1979 488 2053 τῇ
503 1976 626 2053 Κιλικίῃ,
642 1975 725 2040 αύτάς
737 1980 788 2053 μὲν
802 1977 904 2054 ε’πιβάς
925 1978 970 2036 ἐπὶ

170 2064 230 2126 νεὸς
251 2062 392 2137 ἐκομίζετο
406 2060 465 2138 ἀμα
477 2066 545 2141 τῇσι
564 2061 672 2142 ἀλλησι
686 2066 777 2141 νηυσὶ,
792 2065 927 2142 στρατιήν
941 2066 971 2124 δὲ

170 2151 221 2225 τήν
236 2149 323 2224 πεζήν
340 2146 426 2209 ἄλλοι
439 2151 574 2233 ἡγεμόνες
586 2151 656 2232 ἦγον
671 2154 716 2212 ε’πὶ
729 2153 779 2214 τάν
792 2153 969 2230 Ἑλλήσπον-

170 2263 229 2297 τον.
271 2237 306 2300 αίς
320 2237 349 2296 δὲ
363 2241 532 2316 παραπλέων
552 2239 604 2315 τήν
617 2239 718 2318 Ἀσίην
731 2241 846 2302 ἀπίκετο
861 2242 876 2302 ὁ
890 2248 970 2318 Μαρ·

170 2324 259 2388 δόνιος
276 2331 303 2389 ε’ς
322 2328 374 2403 τήν
387 2327 501 2405 Ἰωνίην,
517 2329 636 2389 ἐνθαῦτα
656 2331 793 2411 μέγιστον
809 2331 889 2407 θῶμα
906 2330 971 2406 ε’ρέω

169 2417 246 2473 τοῖσι
263 2415 304 2491 μή
325 2415 556 2493 ἀποδεκομένοισι
577 2416 722 2492 Ἑλλήνων
742 2418 875 2494 Περσέων
894 2421 971 2476 τοῖσι

171 2501 241 2560 ἑπτά
266 2501 384 2562 Ὀτάνεα
411 2503 524 2584 γνιύμην
547 2503 738 2574 ἀποδέξασθαι
763 2505 798 2567 ὥς
821 2505 905 2582 χρεάν
929 2506 971 2580 εἴη

171 2589 409 2668 δημοκρατέεσθαι
430 2592 554 2668 Πέρσας·
582 2591 646 2654 τούς
669 2591 724 2672 γάρ
747 2591 893 2666 τυράννους
916 2596 972 2651 τῶν

171 2675 269 2737 Ἰιύνων
290 2677 471 2742 καταπαύσας
492 2680 599 2742 πάντας
619 2678 635 2739 ἀ
654 2679 813 2754 Μαρδόνιος
834 2679 970 2754 δημοκρα-

170 2766 230 2827 τίας
254 2767 374 2826 κατίστα
398 2772 425 2830 ἐς
448 2768 498 2830 τάς
521 2766 633 2828 πόλιας.
674 2771 763 2825 ταῦτα
786 2766 815 2824 δὲ
840 2767 968 2842 ποιήσας.

170 2851 301 2934 ἠπείγετο
324 2860 351 2916 ἐς
371 2853 420 2915 τάν
440 2854 666 2930 Ἑλλήσποντον.
709 2853 744 2916 ὦς
765 2853 795 2912 δὲ
814 2855 971 2933 συνελέχθη

171 2944 223 3017 μὲν
242 2945 339 3021 χρῆμα
360 2943 472 3002 πολλάν
494 2948 569 3013 νεῶν,
592 2943 750 3020 συνελέχθη
773 2943 802 3000 δὲ
824 2943 869 3001 καὶ
890 2942 972 3014 πεζὸς

172 3030 281 3094 πολλδς
298 3031 427 3109 στρατάς,
442 3031 590 3106 διαβάντες
603 3033 670 3107 τῇσι
689 3032 770 3107 νηυσὶ
784 3031 833 3091 τάν
846 3030 971 3106 Ἑλλήσ-

171 3145 274 3180 ποντον
291 3119 457 3196 ἐπορεύοντο
471 3119 516 3178 διά
530 3123 580 3194 τῆς
593 3118 736 3195 Εὐρώπης·
759 3119 922 3195 ἐπορεύοντο
943 3118 972 3176 δὲ

125 3207 220 3265 44ἐπί
235 3234 266 3267 τε
284 3207 428 3284 Ἐρέτριαν
447 3208 492 3266 καὶ
508 3207 637 3283 Ἀθήνας.
680 3206 768 3268 Αὗται
786 3209 838 3284 μὲν
859 3205 896 3266 ὦν
916 3212 972 3279 σφι

173 3295 328 3372 πρόσχημα
349 3296 424 3371 ἦσαν
444 3300 494 3356 τοῦ
517 3296 632 3356 στόλου·
655 3296 725 3374 ἀτάρ
745 3302 773 3356 ἐν
792 3295 846 3374 νόῳ
864 3296 972 3372 ἔχοντες
