2262 3534
152 134 280 200 ιν-ιοο]
464 129 653 182 κιιιιουιιι
907 127 955 180 ³27

153 221 193 296 τῷ
215 217 334 297 αἰγιαλῷ
353 212 390 274 τά
410 212 539 292 μάλιστα
559 207 738 290 Λευπιχίδης,
761 209 817 270 ὑπό
839 208 957 287 κήρυκος

153 303 327 386 προηγόρευε
339 306 417 364 τοῖσι
425 301 507 362 Ἴωσι
519 301 618 382 λέγων·
649 311 666 336 “
675 298 771 376 ἄνδρες
782 297 876 362 Ἴωνες
891 297 957 358 ὅσοι

154 393 244 470 ὑμέων
269 385 441 472 τυγχάνουσι
468 389 656 457 ἐπακούοντες,
680 386 795 464 μάθετε
810 385 845 446 τά
872 387 956 468 λέγω·

154 479 264 543 πάντως
275 479 331 560 γάρ
350 477 429 540 οὑδέν
446 475 606 554 συνήσουσι
621 477 734 552 Πέρσαι
750 480 805 535 τῶν
821 473 875 555 ἐγιὺ
891 474 957 551 ὑμῖν

155 569 331 644 ἐντέλλομαι·
366 565 449 626 ἐπεάν
476 565 689 646 συμμίσγωμεν,
709 564 875 641 μεμνῆσθαί
894 587 957 622 τινα

154 656 210 734 χρή
232 655 388 732 ἐλευθερίης
410 656 463 730 μὲν
485 653 596 714 πάντων
618 655 737 730 πρῶτον,
757 651 829 729 μετὰ
848 651 886 722 δέ,
906 655 958 710 τοῦ

155 742 451 820 συνθήματος-Ἥβης·
472 741 518 800 καὶ
530 740 596 800 τάδε
609 740 679 800 ’ίσπω
690 740 740 799 καὶ
755 738 771 800 ὑ
786 739 827 818 μή
841 738 957 799 ἐσακού-

155 855 210 894 σας
237 831 329 909 ὑμέων
348 830 425 908 -πρὺς
442 834 508 890 -τοῦ
538 827 769 892 ἐπακούσαντος.”
810 827 896 892 ὑύτάς
922 826 956 904 δή

156 916 236 982 οὗτος
248 918 300 980 ε’(ὑν
313 917 445 1000 τυγχάνει
457 917 521 981 νόος
537 921 588 978 τοῦ
605 916 770 998 πρήγματος
785 918 831 976 καὶ
844 917 860 978 ὑ
873 923 956 994 Θεμι-

155 1008 292 1070 στοκλέος
312 1007 329 1066 ὁ
349 1006 391 1066 ἐπ’
411 1004 588 1084 Ἀρτεμισίῳ·
609 1003 628 1081 ἢ
647 1005 703 1086 γοὶρ
723 1004 757 1080 δή
778 1005 904 1066 λαθόντα
921 1004 957 1065 τοὶ

155 1094 267 1171 ῥήματα
279 1095 343 1158 τοὺς
356 1093 522 1172 βαρβάρους
535 1094 638 1170 ἔμελλε
653 1093 718 1154 τοὺς
727 1092 825 1156 Ἴωνας
840 1093 956 1162 πείσειν,

155 1180 174 1257 ἢ
188 1183 283 1242 ἔπειτα
299 1182 537 1261 ἀνενειχθένταές
552 1179 617 1244 τοὺς
637 1180 812 1258 βαρβάρους,
828 1180 957 1256 ποιήσειν

156 1269 293 1336 ἀπίστους
306 1267 551 1352 [τοῖσιἝλλησι].

196 1359 369 1438 Λευτυχίδεω
378 1358 411 1418 δέ
424 1361 512 1417 ταῦτα
524 1356 703 1432 ὑποθεμένου,
718 1356 830 1434 δεύτερα
844 1355 878 1432 δή
892 1356 957 1416 τάδε
966 1360 1004 1418 99

157 1447 266 1506 ἐποίευν
279 1445 460 1521 οῖἝλληνες·
475 1443 649 1523 προσχόντες
661 1443 711 1507 τάς
724 1445 795 1514 νέας,
806 1444 958 1521 ἀπέβησαν

157 1541 184 1598 ἐς
203 1536 253 1596 τάν
273 1534 411 1616 αἰγιαλόν·
447 1535 493 1592 καὶ
513 1532 589 1593 οὗτοι
608 1535 660 1609 μέν
680 1531 846 1594 ἐτάσσοντο·
881 1537 908 1593 οἱ
928 1533 959 1594 δὲ

157 1625 269 1702 Πέρσαι
287 1624 322 1687 ὥς
339 1623 411 1683 εἶδον
424 1622 488 1692 τοὺς
502 1621 647 1698 Ἕλληνας
662 1623 959 1699 παρασκευαζομένους

157 1718 184 1776 ἐς
196 1713 298 1792 μάχην,
313 1714 359 1772 καὶ
374 1715 454 1774 τοῖσι
463 1710 545 1771 Ἴωσι
562 1711 792 1788 παραινέσαντας,
806 1715 889 1772 τοῦτο
906 1714 959 1788 μὲν

156 1799 361 1877 ὑπονοήσαντες
381 1799 445 1863 τοὺς
463 1801 585 1876 Σαμίους
604 1797 642 1858 τά
658 1797 957 1877 Ἑλλήνωνφρονέειν,

157 1887 335 1966 ἀπαιρέονται
348 1888 384 1947 τά
397 1887 482 1948 ὅπλα·
505 1890 532 1946 οἱ
543 1886 599 1967 γάρ
614 1886 650 1946 ὧν
664 1887 774 1962 Σάμιοι,
785 1888 958 1964 ἀπικομένων

156 1974 309 2053 Ἀθηναίων
330 1974 515 2054 αἰχμαλώτου
537 1979 566 2032 ἐν
586 1978 655 2051 τῇσι
672 1975 755 2048 νηυσὶ
772 1979 827 2033 τῶν
845 1976 958 2052 βαρβά-

156 2089 219 2140 ρων,
232 2063 297 2126 τοὺς
310 2064 418 2138 ἔλαβον
432 2060 485 2120 ἀνά
502 2060 553 2134 τήν
571 2059 701 2134 Ἀττικήν
719 2061 917 2137 λελειμμένους
931 2065 959 2120 οἱ

157 2152 273 2228 Ξέρξεω,
303 2150 417 2212 τούτους
443 2147 599 2224 λυσάμενοι
625 2147 730 2210 πάντας
757 2147 958 2224 ἀποπέμπουσι

158 2238 354 2300 ἐποδιάσαντες
367 2243 394 2300 ἐς
406 2236 455 2300 τάς
467 2235 595 2311 Ἀθήνας·
610 2239 666 2295 τῶν
679 2236 780 2295 εἵνεκεν
793 2235 846 2294 ούκΙ
856 2235 960 2312 ἥκιστα

157 2325 280 2404 ὑποψίην
303 2325 387 2403 εἶχον,
408 2323 593 2385 πεντακοσίας
616 2322 742 2398 κεφαλάς
768 2327 823 2382 τῶν
849 2323 959 2400 Ξέρξεω

156 2414 299 2490 πολεμίων
319 2413 482 2490 λυσάμενοι·
513 2414 596 2471 τοὺτο
617 2411 647 2470 δέ
666 2409 716 2473 τάς
735 2410 842 2474 διόδους
861 2411 911 2476 τάς
931 2419 959 2476 ἐς

156 2501 206 2564 τάς
220 2499 344 2577 κορυφάς
358 2505 409 2576 τῆς
427 2499 565 2576 Μυκάλης
578 2498 721 2577 φερούσας
738 2499 960 2576 προστάσσουσι

156 2593 233 2650 τοῖσι
249 2589 422 2665 Μιλησίοισι
439 2588 610 2664 φυλάσσειν,
623 2586 659 2650 οἷς
679 2589 892 2666 ἐπισταμένοισι
912 2590 959 2666 δή·

158 2677 205 2738 θεν
220 2677 349 2754 μάλιστα
366 2676 418 2753 τήν
435 2676 537 2756 χεόμην·
558 2676 667 2736 ἐποίευν
685 2677 715 2735 δὲ
731 2675 832 2736 τούτου
850 2679 959 2748 εἵνεκεν,

158 2765 202 2824 ἶνα
216 2767 293 2829 ε’κτὺς
303 2770 353 2826 τοὺ
367 2765 558 2844 στρατοπέδου
573 2766 647 2822 ἔωσι·
661 2763 775 2828 τούτους
788 2768 840 2841 μὲν
851 2765 958 2836 Ἰάνων,

148 2855 291 2913 ’τοῖσικαὶ
305 2853 467 2914 κατεδόκεον
481 2851 602 2932 νεοχμόν
620 2851 654 2912 ἀν
669 2851 697 2912 τι
710 2854 813 2913 ποιέειν
829 2853 960 2930 δυνάμιος

147 2943 404 3019 ἐπιλαβομένοισι,
431 2941 563 3019 τρόποισι
594 2940 747 3000 τοιούτοισι
775 2941 958 3018 προεφυλάσ-

157 3054 243 3090 σοντο
259 3033 286 3089 οἱ
304 3030 425 3107 Πέρσαι·
447 3029 527 3090 αὑτοὶ
547 3029 577 3088 δὲ
597 3027 797 3106 συνεφόρησαν
816 3029 852 3089 τά
872 3031 960 3111 γέρρα

144 3119 235 3196 ’ἕρκος
249 3119 320 3179 εἶναί
333 3125 397 3195 σφι.
1123 3155 1124 3176 ι

196 3207 245 3272 Ὡς
258 3209 288 3268 δὲ
301 3206 355 3286 ἄρα
367 3205 595 3284 παρεσκευάδατο
608 3209 685 3266 τοῖσι
697 3205 834 3282 Ἕλλησι,
847 3233 937 3283 προσ·
949 3209 1007 3266 100

141 3289 244 3374 ἰήῖσαν
258 3296 329 3375 πρὸς
346 3295 411 3360 τοὺς
426 3294 602 3372 βαρβάρους·
627 3297 702 3365 ἰοῦσι
716 3293 747 3352 δέ
762 3299 819 3367 σφι
832 3294 915 3368 φήμη
928 3320 959 3353 τε
