2276 3538
172 163 311 228 113-119]
515 161 700 212 ΠΟΛΎΜΝῙΑ.
923 161 971 209 165

172 243 219 301 καὶ
232 246 287 301 τῶν
299 245 363 318 περὶ
376 243 408 300 τό
422 241 570 321 Πάγγαιον
585 239 648 317 ὅρος
661 242 805 300 οἰκεόντων
815 240 916 317 ὁμοίως
926 239 972 298 καὶ

171 335 227 390 τῶν
250 330 385 407 πρότερον
407 329 548 402 κατέλεξα,
570 328 635 391 τούς
654 331 705 405 μέν
725 328 801 404 παρά
813 326 972 387 θάλασσαν

173 420 242 498 ἔχων
265 418 425 493 οἰκημένους
446 423 475 476 ἐν
497 419 579 492 νηυσὶ
604 417 845 493 στρατευομένους,
866 415 930 478 τούς
949 414 972 474 δ’

172 505 240 582 ύπέρ
256 506 406 581 θαλάσσης
421 507 490 584 πεζῇ
504 507 661 581 ἑπομένους·
678 505 730 580 τήν
744 505 773 563 δὲ
786 503 850 563 όδόν
862 503 971 580 ταύτην,

172 599 208 672 τῇ
226 593 366 670 βασιλεύς
383 594 489 670 Ξέρξης
506 593 555 653 τόν
574 593 697 671 στρατόν
712 592 812 669 ἤλασε,
827 589 891 652 ούτε
907 619 972 673 συγ-

172 685 272 760 χέουσι
286 682 403 759 Θρήϊκες
417 681 472 741 ούτ’
484 683 687 759 ἐπισπείρουσι,
701 681 840 757 σέβονταί
850 707 881 740 τε
890 680 973 762 μεγά-

173 775 229 833 λως
248 771 281 830 τό
302 771 385 848 μέχρι
404 775 477 846 ἐμεῧ.
519 769 568 832 Ὡς
586 769 615 829 δέ
630 768 684 847 ἄρα
705 775 732 833 ἐς
749 769 800 846 τὴν
814 767 954 829 ’Ἀκανθον
965 770 1021 828 116

174 857 297 930 α’πίκετο,
314 860 414 932 ξεινίην
428 884 457 916 τε
472 856 488 917 ό
503 858 618 935 Πέρσης
631 863 707 918 τοῖσι
719 858 894 918 Ἀκανθίοισι
907 883 973 933 προ·

175 943 235 1000 εἶπε
254 942 299 998 καὶ
317 938 478 1016 ἐδωρήσατό
497 947 588 1015 σφεας
610 941 708 1015 ἐσθῆτι
728 940 850 1018 Μηδικῇ,
868 939 975 997 ἐπαίνεέ

174 1055 205 1086 τε
222 1028 307 1105 ὁρέων
323 1027 423 1090 αὐτούς
440 1027 601 1104 προθύμους
620 1027 714 1091 ἐόντας
735 1033 762 1090 ἐς
782 1026 831 1087 τόν
848 1025 973 1102 πόλεμον

176 1117 223 1174 καὶ
236 1116 268 1176 τό
284 1115 392 1197 ὄρυγμα
406 1115 519 1176 άκούων.

216 1203 267 1266 Ἐν,
285 1203 409 1282 Ἀκάνθῳ
431 1204 460 1262 δὲ
484 1203 578 1267 ἐόντος
599 1205 715 1281 Ξέρξεω,
738 1202 881 1279 συνήνεικε
900 1203 955 1262 ύπό
967 1203 1022 1264 117

177 1292 280 1352 νούσου
294 1293 444 1352 άποθανεΐν
461 1291 511 1352 τόν
528 1296 686 1351 ἐπεστεῶτα
702 1296 753 1366 τῆς
769 1292 900 1370 διώρυχος
913 1291 976 1367 Ἀρ·

176 1383 303 1461 ταχαίην,
318 1381 431 1457 δόκιμον
446 1381 526 1440 ἐόντα
540 1380 616 1458 παρά
630 1381 721 1460 Ξέρξη
733 1381 777 1439 καὶ
790 1383 870 1461 γένος
882 1380 976 1459 Ἀχαι·

176 1470 295 1545 μενίδην,
310 1469 426 1549 μεγάθεΐ·
443 1495 473 1527 τε
491 1471 627 1549 μέγιστον
647 1468 727 1527 ἐόντα
745 1467 976 1545 Περσέων-ἀπό

177 1558 231 1638 γάρ
258 1560 340 1616 πέντε
366 1559 476 1636 πηχέων
506 1558 667 1632 βασιληίων
694 1555 815 1616 άπέλιπε
841 1558 978 1634 τέσσερας

177 1644 512 1720 δακτύλους-φωνέοντά
528 1671 559 1703 τε
577 1647 713 1726 μέγιστον
726 1645 884 1722 ἀνθρώπων·
906 1644 978 1704 ὥστε

178 1735 289 1812 Ξέρξεα,
307 1734 460 1810 συμφορὴν
481 1734 672 1810 ποιησόμενον
692 1733 827 1815 μεγάλην,
846 1733 979 1804 ἐξενεῖκαί

176 1847 207 1882 τε
224 1822 307 1882 αὐτόν
321 1822 463 1882 κάλλιστα
478 1823 523 1880 καὶ
542 1823 638 1900 θάψαι·
661 1823 833 1900 ἐτυμβοχόεε
852 1823 881 1882 δὲ
897 1827 978 1882 πᾶσα

177 1909 196 1986 ἡ
210 1912 338 1988 στρατιή·
359 1912 447 1989 τούτῳ
461 1911 490 1968 δὲ
506 1915 544 1990 τῷ
557 1910 711 1990 Ἀρταχαίῃ
726 1911 825 1970 θύουσι
837 1909 979 1971 Ἀκάνθιοι

129 2079 131 2082 Ι
178 2005 208 2058 ἐκ
230 2001 398 2076 θεοπροπίου
420 1999 455 2062 οἷς
475 1999 551 2075 ἥρωϊ,
575 2000 791 2075 ἐπονομάζοντες
811 1999 843 2058 τό
865 1997 976 2074 οὔνομα.

178 2087 316 2160 βασιλεύς
336 2092 387 2164 μὲν
410 2088 443 2163 δὴ
466 2088 579 2164 Ξέρξης,
601 2087 778 2162 ἀπολομένου
798 2085 977 2163 Ἀρταχαίεω,

179 2176 302 2234 ἐποιέετο
316 2176 477 2252 συμφορήν.

222 2267 258 2322 Οί
272 2264 301 2322 δέ
314 2264 512 2341 ὑποδεκόμενοι
525 2263 670 2340 Ἑλλήνων
687 2262 739 2338 τὴν
755 2261 891 2340 στρατιήν
912 2264 958 2322 καὶ
971 2266 1028 2323 118

180 2352 362 2422 δειπνίζοντες
383 2353 488 2430 Ξέρξεα
511 2357 538 2416 ἐς
560 2357 616 2412 πᾶν
638 2355 724 2410 κακοῦ
746 2349 888 2423 άπικέατο,
909 2351 978 2411 οὕτω

181 2438 255 2498 ὥστε
277 2437 429 2500 α’νάστατοι
451 2445 480 2500 ἐκ
502 2445 556 2500 τῶν
578 2441 669 2500 οἰκίων
692 2439 824 2521 ἐγίνοντο·
852 2437 918 2498 ὅκου
946 2467 978 2521 γε

181 2528 316 2586 Θασίοισι
330 2528 398 2605 ύτέρ
412 2533 466 2589 τῶν
481 2536 509 2589 ἐν
523 2533 558 2608 τῇ
571 2528 675 2606 ἠπείρῳ
690 2527 795 2587 πολίων
808 2531 863 2587 τῶν
876 2529 978 2604 σφετέ-

180 2642 236 2690 ρων
257 2617 432 2694 δεξαμένοισι
453 2617 505 2692 την
527 2619 634 2694 Ξέρξεω
657 2615 792 2693 στρατιὴν
814 2616 859 2674 καὶ
882 2616 980 2676 δειπνί-

181 2729 254 2764 σασι
266 2703 475 2782 Ἀντίπατροςό
489 2705 605 2785 Ὀργέος
618 2703 809 2782 ἀραιρημένος,
818 2708 874 2764 τῶν
887 2704 982 2765 άστῶν

182 2791 251 2869 ἀνὴρ
273 2793 385 2870 δόκιμος
405 2793 489 2872 ὁμοῖα
509 2798 547 2872 τηΑ
560 2793 696 2869 μάλιστα,
711 2792 826 2862 άπέδεξε
841 2799 868 2856 ἐς
880 2792 913 2853 τό
928 2794 980 2853 δεῖ·

183 2905 252 2940 πνον
278 2882 446 2959 τετρακόσια
474 2880 599 2941 τάλαντα
627 2881 758 2962 άργυρίου
785 2883 981 2957 τετελεσμένα.
1016 2927 1019 2930 -

181 2963 232 3030 Ὦς
254 2968 282 3028 δὲ
304 2971 508 3047 παραπλησίως
527 2970 573 3028 καὶ
591 2974 620 3028 ἐν
645 2974 714 3048 τῇσι
732 2967 841 3047 ἄλλῃσι
859 2968 960 3027 πόλισι
973 2970 1028 3026 119

184 3060 210 3116 οί
232 3062 398 3122 ἐπεστεῶτες
417 3058 617 3119 ἀπεδείκνυσαν
633 3058 682 3118 τόν
697 3057 793 3137 λόγον·
815 3055 847 3115 τό
862 3055 916 3135 γάρ
931 3056 982 3114 δεῖ-

186 3171 253 3206 πνον
269 3147 375 3206 τοιόνδε
389 3173 417 3206 τι
431 3148 544 3228 ἐγίνετο,
559 3147 604 3206 οδα
618 3152 647 3205 ἐκ
661 3147 772 3204 πολλοῦ
792 3142 895 3222 χρόνου
915 3168 983 3219 προ-

185 3236 329 3312 ειρημένον
351 3236 397 3293 καὶ
418 3236 481 3312 περὶ
501 3238 612 3294 πολλοῦ
630 3231 802 3308 ποιεύμενον·
823 3233 905 3289 τοῦτο
923 3231 983 3306 μὲν,

185 3321 220 3386 ὦς
240 3323 376 3385 ἐπύθοντο
396 3321 518 3399 τάχιστα
536 3327 591 3382 τῶν
608 3319 730 3396 κηρύκων
747 3321 802 3377 τῶν
819 3322 984 3393 περιαγγελ-
