2262 3534
156 139 203 186 ιιι
458 136 640 210 Ἦνοιονοτ
851 140 855 147 ’
887 137 974 203 [ιτα

155 217 394 294 τοπεδευομένους,
409 219 581 295 φρασθέντες
601 219 631 277 δὲ
647 221 731 278 τοῦτο
745 220 950 279 ἀντετάσσοντο

108 308 146 365 20
156 307 201 364 ἐπὶ
219 310 269 381 τῆς
283 305 416 384 ὖπωρείης
439 311 488 364 τοῦ
513 307 693 383 Κιθαιρῶνος.
735 305 893 383 Μαρδόνιος
912 307 950 377 δὲ,

157 393 192 457 ως
205 394 237 454 οὐ
248 395 414 470 κατέβαινον
424 393 596 470 οἱἜλληνες
610 399 637 457 ἐς
649 393 683 452 τὸ
693 394 796 466 πεδίον,
807 395 911 472 πέμπει
924 400 950 458 ἐς

156 482 255 546 αάτοάς
273 488 370 542 πᾶσαν
387 483 439 559 τὴν
458 484 550 553 ἵππον,
564 488 614 559 τῆς
631 483 767 562 ἱππάρχεε
780 484 950 553 Μασίστιος,

156 571 320 649 εὐδοκιμέων
332 571 409 648 παρὰ
418 572 558 650 Πέρσῃσι,
571 572 632 652 (τάν
640 571 779 646 Ἕλληνες
793 573 951 632 Μακίστιον

156 661 310 742 καλέουσι)
333 661 419 719 ἵππον
438 662 508 738 ἔχων
534 664 665 729 Νισαῖον,
689 659 899 738 χρυσοχάλινόν
920 686 951 720 τε

113 747 116 758 '
156 749 202 807 καὶ
221 748 315 812 ἄλλως
333 750 541 825 κεκοσμημένον
561 752 661 811 καλῶς·
683 749 799 806 ἐνθαῦτα
813 747 848 811 αἷς
864 775 950 824 προσ-

155 835 268 911 ήλασαν
284 840 310 894 οἷ
329 834 445 896 ἱππόται
461 837 530 913 πρός
547 836 772 911 τοῦςἚλληνας,
788 838 950 914 προσέβαλ-

155 927 208 982 λον
223 923 294 982 κατά
313 924 406 982 τέλεα·
433 924 669 1001 προσβάλλοντες
690 924 719 982 δὲ
743 923 814 982 κακά
862 925 952 1005 εγάλα

108 1011 144 1068 21
156 1011 315 1091 ἐργάζοντο,
334 1013 379 1070 καὶ
399 1013 530 1092 γυναῖκάς
550 1019 641 1088 σφεας
664 1012 826 1072 ἀπεκάλεον.
870 1012 952 1072 Κατά

156 1101 307 1178 συντυχίην
323 1101 352 1160 δὲ
370 1103 513 1181 Μεγαρέες
533 1103 630 1179 ἔτυχον
647 1102 796 1179 ταχθέντες
812 1097 833 1179 ᾗ
848 1099 881 1160 τά
895 1106 952 1160 ε’πι-

153 1187 319 1266 μαχιότατον
339 1187 373 1264 ἦν
399 1193 449 1248 τοῦ
474 1193 576 1267 χωρίου
601 1189 713 1251 παντός·
744 1187 790 1246 καὶ
813 1188 953 1264 πρόσοδος

154 1274 282 1351 μάλιστα
297 1277 384 1356 ταύτῃ
404 1277 508 1357 ἐγίνετο
521 1281 556 1355 τῇ
571 1277 655 1356 ίππιρ·
676 1275 903 1354 προσβαλούσης
916 1277 953 1338 ὧν

154 1367 205 1439 τῆς
219 1365 312 1434 ἵππου,
327 1368 353 1424 οἶ
367 1366 510 1444 Μεγαρέες
522 1365 680 1441 πιεζόμενοι
693 1367 816 1440 ἔπεμπον
830 1365 876 1423 ἐπὶ
888 1366 953 1430 τούς

155 1452 330 1533 στρατηγούς
345 1457 400 1512 τῶν
416 1453 561 1528 Ἑλλήνων
577 1452 690 1531 κη’ρυκα·
712 1453 877 1529 ἀπικόμενος
894 1453 952 1514 δέό

158 1538 245 1616 κήρυξ
256 1540 326 1616 πρός
343 1539 443 1602 αάτοάς
456 1542 535 1621 ἔλεγε
548 1541 622 1602 τάδε·
644 1552 661 1577 “
670 1542 812 1621 Μεγαρέες
825 1542 952 1622 λέγουσι·

155 1625 242 1701 ἡμεῖς,
257 1627 352 1704 ἀνδρες
372 1628 526 1706 σύμμαχοι,
543 1629 574 1688 οὐ
595 1631 708 1689 δυνατοί
726 1635 801 1706 εἰμεν
812 1629 864 1705 τὴν
880 1635 952 1707 Περ-

155 1715 227 1773 σέων
245 1716 330 1775 ἵππον
346 1715 476 1776 δέκεσθαι
485 1721 599 1792 μοῦνοι,
614 1720 723 1797 ἔχοντες
736 1717 839 1778 στάσιν
850 1719 953 1794 ταύτην

156 1807 183 1864 ἐς
199 1802 251 1878 τὴν
269 1804 389 1879 ἔστημεν
407 1803 505 1882 ἀρχήν·
527 1803 604 1864 ἀλλά
618 1808 663 1865 καὶ
678 1813 705 1870 ἐς
716 1807 779 1866 τόδε
792 1805 910 1885 λιπαρίῃ
922 1833 953 1866 τε

156 1891 202 1948 καὶ
220 1889 306 1969 ἀρετῇ
324 1891 484 1972 ἀντέχομεν,
499 1894 597 1969 καίπερ
610 1893 791 1971 πιεζεύμενοι·
812 1898 861 1954 νῦν
874 1919 912 1966 τε,
929 1899 953 1954 εἰ

155 1977 195 2054 μή
208 2004 283 2042 τινας
296 1978 401 2043 ἀλλους
414 1981 537 2058 πέμψετε
551 1981 696 2060 διαδόχους
708 1986 758 2058 τῆς
770 1981 871 2051 τάξιος,
890 1982 952 2041 ’ίστε

155 2066 242 2142 ἡμέας
258 2069 436 2147 ἐκλείψοντας
453 2069 504 2145 τὴν
519 2070 623 2140 τάξιν.”
644 2070 660 2129 ὅ
676 2074 728 2146 μὲν
745 2069 779 2144 δή
796 2077 852 2146 σφι
865 2074 951 2129 ταῦτα

156 2154 319 2238 ἀπήγγειλε·
340 2159 504 2232 Παυσανίης
517 2158 546 2215 δὲ
559 2157 728 2233 ἀπεπειρᾶτο
737 2162 791 2217 τῶν
799 2157 950 2233 Ἑλλήνων,

159 2244 185 2302 εἴ
202 2271 273 2308 τινες
294 2245 415 2306 ἐθέλοιεν
436 2245 521 2304 ἄλλοι
542 2247 686 2305 ἐθελονταὶ
707 2247 774 2305 ἰέναι
800 2271 831 2304 τε
854 2250 881 2308 ἐς
903 2245 952 2305 τόν

157 2337 249 2411 χῶρον
264 2337 372 2412 τοῦτον,
392 2336 437 2392 καὶ
455 2333 616 2394 τάσσεσθαι
634 2333 758 2412 διάδοχοι
778 2337 951 2413 Μεγαρεῦσι·

156 2419 188 2478 οὗ
200 2421 383 2496 βουλομένων
396 2420 426 2479 δὲ
438 2425 493 2480 τῶν
505 2419 608 2490 ἄλλων,
622 2421 765 2496 Ἀθηναῖοι
777 2420 951 2491 ὑπεδέξαντο,

156 2508 201 2564 καὶ
219 2506 371 2583 Ἀθηναίων
390 2511 417 2567 οἱ
434 2508 590 2585 τριηκόσιοι
606 2509 732 2590 λογάδεςΙ
743 2513 798 2568 τῶν
818 2508 953 2588 ἐλοχήγεε

108 2593 384 2671 22Ὀλυμπιόδωρος
410 2594 426 2655 ό
451 2595 616 2672 Λάμπωνος.
659 2595 745 2656 Οὗτοι
771 2595 845 2671 ἦσαν
870 2597 899 2654 οἷ
922 2623 952 2656 τε

155 2679 360 2757 ἀποδεξάμενοι,
378 2684 424 2741 καὶ
438 2686 464 2742 οἱ
477 2684 533 2761 πρά
547 2687 602 2744 τῶν
615 2683 710 2744 ἀλλων
723 2689 778 2744 τῶν
795 2683 952 2760 παρεόντων

155 2767 299 2844 Ἑλλήνων
313 2774 340 2832 ἐς
348 2770 485 2848 Ἐρυθράς
497 2773 652 2851 ταχθέντες,
666 2772 730 2835 τοάς
740 2771 855 2842 τοξότας
864 2797 952 2848 προσ-

156 2854 293 2933 ελόμενοι·
320 2860 485 2938 μαχομένων
505 2860 536 2918 δέ
555 2865 652 2934 σφεων
673 2862 718 2918 ἐπὶ
739 2859 849 2938 χρόνον,
872 2860 954 2922 τέλος

155 2945 262 3005 τοιόνδε
288 2947 396 3028 ἐγένετο
423 2951 473 3022 τῆς
498 2947 600 3025 μάχης·
631 2948 877 3024 προσβαλλούσης
903 2951 954 3024 τῆς

156 3033 242 3092 ἵππου
256 3033 326 3094 κατά
337 3036 427 3107 τέλεα,
444 3034 464 3103 ὁ,
474 3035 638 3094 Μασιστίου
651 3036 777 3114 προέχων
790 3039 845 3094 τῶν
857 3035 953 3095 ἀλλων

157 3119 240 3182 ἵππος
258 3122 400 3195 βάλλεται
418 3122 565 3196 τοξεύματι
581 3121 616 3180 τοὶ
633 3123 750 3198 πλευρά·
771 3121 902 3201 ἀλγήσας
915 3123 952 3192 δὲ,

157 3207 271 3266 ἵσταταί
292 3234 323 3268 τε
347 3208 429 3285 ὀρθός
452 3209 498 3266 καὶ
519 3208 681 3268 ἀποσείεται
703 3211 753 3270 τάν
779 3212 952 3270 Μασίστιον·

151 3292 274 3352 πεσόντι
289 3295 319 3353 δέ
339 3295 412 3372 αὐτῷ
431 3297 458 3354 οὶ
475 3294 617 3369 Ἀθηναῖοι
630 3295 727 3358 αὐτίκα
741 3297 881 3356 ἐπεκέατο·
896 3297 953 3356 Υτ”όν
