2278 3538
151 172 260 238 ,το-ιι]
471 173 624 222 omum,
902 171 950 220 ιιι

152 251 274 331 ἔχοντας’
291 257 320 312 ἐν
343 255 466 332 φυλακῇ,
489 253 525 312 τό
552 253 582 311 δὲ
604 251 682 312 ἄλλα
705 252 824 313 α’πιέναι·
865 244 953 328 ταῦτα

152 339 363 416 πυνθανόμενοι,
378 339 448 399 οὕτω
465 340 498 416 δή
517 341 749 418 προσεδεήθησαν
762 347 858 416 σφεων
872 343 954 418 σχεῖν

152 428 223 504 πρός
235 427 288 504 τήν
302 429 458 504 Σαλαμῖνα.
500 432 538 488 Οἱ
552 429 651 505 μὲνδὴ
668 428 753 488 ἄλλοι
771 429 909 507 κατέσχον
927 433 954 490 ἐς
962 429 998 488 41

152 516 205 591 τήν
218 517 374 592 Σαλαμῖνα,
388 516 533 592 Ἀθηναῖοι
548 517 578 576 δέ
595 522 623 580 ἐς
638 516 690 592 τήν
706 520 819 576 ἑωυτῶν·
840 515 913 592 μετὰ
925 515 955 574 δὲ

153 602 207 680 τήν
226 603 321 674 ἄπιξιν
340 603 469 685 κήρυγμα
488 603 666 680 ἐποιήσαντο,
687 604 840 680 Ἀθηναίων
859 606 895 682 τῇ
914 629 956 666 τις

154 691 267 752 δύναται
280 691 379 764 σώζειν
388 691 514 752 τὰτέκνα
527 719 557 752 τε
571 694 616 751 καὶ
626 693 690 755 τούς
701 694 816 755 οἰκέτας·
838 692 955 751 ἐνθαῦτα

155 783 182 838 οἱ
201 783 253 856 μὲν
272 783 405 840 πλεῖστοι
426 785 452 842 ἐς
472 781 609 857 Τροιζῆνα
630 779 807 850 ἀπέστειλαν,
831 782 858 838 οἱ
878 778 908 838 δὲ
928 784 955 842 ἐς

157 868 280 948 Αἴγιναν,
302 871 329 926 οἱ
355 867 385 927 δὲ
411 873 438 930 ἐς
458 870 615 944 Σαλαμῖνα.
657 869 799 928 ἔσπευσαν
819 867 956 927 δὲταῦτα

154 954 335 1026 ὑπεκθέσθαι,
349 959 387 1034 τῷ
398 957 559 1034 χρηστηρίῳ
572 983 603 1016 τε
612 955 784 1033 βουλόμενοι
797 955 956 1033 ὑπηρετέειν

155 1045 203 1102 καὶ
226 1043 260 1119 δή
285 1044 331 1102 καὶ
352 1045 433 1103 τοῦδε
456 1044 545 1104 εἵνεκα
566 1044 615 1104 οόκ
638 1044 749 1120 ήκιστα·
790 1038 908 1126 λέγουσι
929 1047 956 1103 οἶ

155 1132 306 1207 Ἀθηναῖοι,
326 1131 393 1207 ὅφιν
413 1132 502 1213 μέγαν
523 1133 638 1208 φύλακα
657 1136 707 1207 τῆς
728 1131 896 1210 ἀκροπόλιος
916 1137 956 1191 ἐν·

155 1219 325 1280 διαιτέεσθαι
342 1225 424 1299 ἐντῷ
440 1223 497 1299 ἱρῷ·
518 1221 638 1301 λέγουσί
652 1247 683 1280 τε
698 1225 786 1280 ταῦτα
800 1220 845 1278 καὶ
861 1219 895 1295 δή
910 1221 956 1278 καὶ

156 1306 192 1370 ώς
214 1307 287 1368 ἐόντι
310 1308 441 1384 ἐπιμήνια
462 1309 637 1368 ἐπιτελέουσι
658 1309 842 1384 προτιθέντες·
876 1307 912 1366 τό
933 1306 957 1366 δ’

156 1395 288 1472 ἐπιμήνια
308 1395 484 1473 μελιτόεσσα
505 1401 575 1456 ἐστι·
600 1395 669 1470 αὕτη
691 1395 713 1454 δ’
735 1396 754 1471 ή
774 1395 956 1472 μελιτόεσσα,

157 1489 186 1543 ἐν
205 1488 243 1563 τῷ
263 1485 388 1562 πρόσθεν
410 1485 463 1544 αἰεὶ
483 1484 574 1564 χρόνῳ
595 1483 822 1561 ἀναισιμουμένη,
839 1482 903 1544 τότε
922 1483 957 1560 ἦν

156 1571 311 1650 ἄψαυστος·
332 1574 499 1652 σημηνάσης
515 1574 544 1632 δὲ
562 1577 650 1633 ταῦτα
667 1577 717 1648 τῆς
737 1573 828 1650 ἱρείης,
844 1571 958 1650 μᾶλλόν

155 1686 184 1719 τι
210 1664 237 1720 οἲ
262 1661 406 1738 Ἀθηναῖοι
433 1663 479 1720 καὶ
510 1661 717 1739 προθυμότερον
750 1662 877 1731 ἐξέλιπον
906 1659 958 1736 τήν

156 1748 249 1819 πόλιν,
274 1749 309 1814 κός
333 1752 379 1809 καὶ
400 1753 451 1825 τῆς
475 1751 539 1810 θεοῦ
562 1749 780 1826 ἀπολελοιπυίης
802 1749 855 1826 τήν
876 1748 957 1827 α’κρό-

156 1841 250 1897 πολιν·
271 1837 306 1901 ώς
327 1839 359 1897 δέ
378 1844 435 1914 σφι
455 1837 546 1898 πόντα
565 1837 731 1912 όπεξέκειτο,
749 1839 856 1898 ἔπλωον
877 1842 905 1900 ἐς
924 1833 958 1897 τό

156 1925 356 2002 στρατόπεδον.

189 2012 268 2072 Ἐπεὶ
282 2015 311 2074 δὲ
325 2018 351 2074 οἱ
364 2012 411 2074 εἶπ’
424 2014 604 2093 ’Λρτεμισίου
618 2020 645 2078 ἐς
659 2017 807 2092 Σαλαμῖνα
819 2013 1004 2091 κατέσχον42

156 2102 206 2165 τός
223 2103 293 2171 νέας,
308 2103 438 2180 συνέρρεε
452 2104 497 2161 καὶ
511 2103 638 2164 όλοιπός
655 2101 860 2177 πυνθανόμενος
874 2100 889 2159 ό
902 2106 957 2160 τῶν

155 2188 301 2266 Ἑλλήνων
321 2191 447 2253 ναυτικός
468 2191 589 2267 στρατός
611 2194 641 2247 ἐκ
665 2191 822 2266 Τροιζῆνος·
853 2193 879 2251 ἐς
902 2187 957 2269 γόρ

157 2277 284 2359 Πώγωνα
293 2278 342 2338 τόν
351 2279 518 2354 Τροιζηνίων
527 2279 627 2354 λιμένα
640 2277 788 2355 προείρητο
800 2277 956 2357 συλλέγεσ-

157 2366 213 2424 θαι·
235 2366 448 2445 συνελέχθησάν
465 2392 497 2426 τε
516 2365 549 2442 δή
563 2370 663 2446 πολλῷ
676 2369 792 2428 πλεῦνες
813 2366 870 2427 νέες
883 2362 901 2440 ἢ
915 2363 957 2422 ἐπ’

156 2451 324 2534 Ἀρτεμισίῳ
346 2453 524 2533 ἐναυμάχεον,
550 2455 595 2513 καὶ
618 2454 673 2514 όπό
696 2453 802 2513 πολίων
823 2451 955 2513 πλεόνων.

158 2541 294 2620 ναύαρχος
312 2543 363 2618 μέν
376 2568 425 2602 νυν
438 2547 508 2618 ἐπήν
521 2541 606 2605 ώυτός
620 2542 709 2619 ὅσπερ
724 2541 766 2600 ἐπ’
780 2541 955 2620 Ἀρτεμισίῳ,

157 2627 334 2706 Εόρυβιόδης
356 2630 372 2690 ό
396 2629 593 2707 Εὐρυκλείδεω,
621 2629 689 2708 όνήρ
718 2629 895 2708 Σπαρτιήτης
923 2629 955 2689 οὗ

156 2716 252 2793 μέντοι
264 2717 358 2799 γένεός
370 2744 403 2799 γε
417 2721 467 2777 τοῦ
485 2718 641 2794 βασιληίου
660 2718 719 2778 ἐών·
741 2720 803 2782 νέας
816 2719 845 2778 δὲ
858 2722 958 2796 πολλῷ

156 2806 295 2870 πλείστας
306 2833 337 2866 τε
351 2808 396 2866 καὶ
410 2805 513 2883 όριστα
530 2806 680 2870 πλωοόσας
693 2809 860 2887 παρείχοντο
873 2807 956 2883 Ἀθη-

157 2895 239 2951 ναῖοι.
268 2893 487 2972 Ἑστρατεόοντο
501 2895 531 2953 δὲ
544 2895 610 2954 οίδε·
625 2900 654 2953 ἐκ
663 2899 715 2972 μὲν
726 2894 955 2969 Πελοποννήσου,
965 2895 1003 2953 43

157 2981 371 3058 Λακεδαιμόνιοι
379 2983 521 3042 ἑκκαίδεκα
528 2986 596 3059 νῆας
605 2983 800 3062 παρεχόμενοι·
811 2982 957 3058 Κορίνθιοι

157 3067 187 3128 δέ
204 3068 239 3129 τό
258 3069 326 3130 αότό
339 3070 479 3148 πλήρωμα
497 3070 683 3149 παρεχόμενοι
696 3070 729 3130 τό
749 3071 794 3127 καὶ
808 3067 850 3127 ἐπ’
862 3067 956 3143 Ἀρτε-

156 3157 253 3236 μισίῳ·
274 3158 417 3220 Σικυώνιοι
435 3159 465 3216 δὲ
483 3158 677 3220 πεντεκαίδεκα
695 3157 861 3234 παρείχοντο
879 3159 955 3231 νῆας·

157 3241 331 3320 Ἐπιδαύριοι
344 3245 373 3304 δὲ
387 3244 461 3303 δέκα·
482 3245 636 3322 Τροιζήνιοι
649 3246 679 3303 δὲ
692 3245 782 3303 πέντε·
798 3242 956 3319 Ἑρμιονέες

77 3389 83 3402 ,
157 3331 188 3390 δὲ
199 3335 283 3407 τρεῖς·
304 3332 393 3394 ἐόντες
406 3329 491 3400 οὗτοι,
505 3333 581 3408 πλήν
598 3332 772 3410 Ἑρμιονέων,
787 3330 912 3408 Δωρικόν
923 3355 955 3391 τε

1065 3209 1132 3512 λ
