2268 3536
138 127 246 196 ιι-ιι]
442 129 644 181 ιαΡαικοαιι.
911 131 942 180 ιι

138 210 227 269 Λαΐου
244 214 382 287 χρησμοῖν
395 203 570 285 Ἦρακληΐην
588 208 639 284 τήν
657 214 686 268 έν
703 206 819 289 Σικελίῃ
833 210 940 281 κτίζειν,

138 296 197 373 φάς
212 297 264 374 τήν
277 295 397 374 Ἐρυκος
416 295 511 375 χιύρην
527 301 623 356 πᾶσαν
643 296 712 356 εἶναι
724 296 940 374 Ἠρακληῖδέων,
1006 336 1009 340 ·

137 385 223 445 αὐτοῦ
235 385 391 463 Ἡρακλέος
408 385 594 462 κτησαμένου.
636 383 652 445 ό
671 386 700 443 δὲ
716 385 839 448 οἰκούσας
851 391 938 446 ταῦτα

137 477 165 536 ές
189 473 323 550 Δελφούς
345 475 438 553 οἴχετο
464 473 640 552 χρησόμενος
664 475 702 552 τῷ
722 474 891 553 χρηστηρίῳ,
917 479 940 534 εἰ

136 563 222 640 αἱρέει
238 561 280 621 ἐπ’
295 561 329 638 ἢν
347 564 499 622 στέλλεται
514 561 619 640 χιόρηνς
644 561 663 637 ή
685 562 715 620 δὲ
732 563 825 637 Πυθίη
843 565 869 620 οἱ
884 565 941 641 χρᾷ

137 651 274 727 αἱρήσειν·
296 651 473 728 παραλαβὼν
491 651 520 710 δὲ
536 651 551 710 ὁ
569 651 691 728 Δωριεύς
707 651 757 711 τόν
772 650 879 710 στόλον
891 651 940 710 τόν

137 740 183 797 καὶ
208 745 235 802 ές
259 739 371 816 Λιβύην
393 738 453 820 ἦγε,
477 741 618 816 ἐκομίζετο
638 738 715 816 παρά
735 737 787 814 τήν
807 737 939 814 Ἰταλίην.

136 827 193 886 Τόν
205 827 308 906 χρόνον
322 827 351 887 δὲ
364 833 470 898 τοῦτον,
485 828 521 891 ὦς
534 829 652 908 λέγουσι
667 829 832 904 Συβαρῖται,
847 827 986 902 σφέας44

134 941 166 974 τε
180 916 279 980 αύτούς
299 918 345 976 καὶ
363 921 458 993 Τῆλυν
474 916 524 976 τόν
542 921 647 976 ἑωυτῶν
663 917 791 992 βασιλέα
805 917 850 974 ε’πὶ
865 914 938 992 Κρό-

134 1029 208 1062 τωνα
228 1007 344 1080 μέλλειν
364 1003 577 1082 στρατεύεσθαι·
607 1004 673 1068 τούς
693 1005 721 1063 δὲ
743 1003 937 1080 Κροτωνιήτας

136 1091 278 1166 περιδεέας
290 1094 461 1172 γενομένους,
476 1093 606 1168 δεηθῆναι
621 1093 741 1170 Δωριέος
755 1093 843 1168 σφίσι
855 1117 937 1168 τιμω-

136 1180 225 1252 ρῆσαι
243 1179 288 1236 καὶ
305 1183 400 1256 τυχεῖν
418 1179 572 1254 δεήθεντας.
593 1179 838 1255 συστρατεύεσθαί
853 1205 885 1238 τε
903 1179 936 1255 δή

138 1265 183 1322 έπῖ
193 1264 319 1343 Σύβαριν
329 1267 437 1342 Δωριέα
448 1267 494 1324 καὶ
504 1271 631 1326 συνελεῖν
640 1267 692 1342 τήν
702 1267 837 1342 Σύβαριν.
851 1271 938 1326 ταῦτα

134 1353 189 1429 μέν
205 1379 254 1412 νυν
270 1355 427 1431 Συβαρῖται
443 1353 561 1433 λέγουσι
577 1359 696 1429 ποιήσαι
715 1355 823 1430 Δωριέα
842 1381 873 1414 τε
892 1356 937 1414 καὶ

133 1441 199 1504 τούς
210 1441 270 1517 μετ’
284 1441 378 1501 αὐτοῦ·
408 1446 600 1518 Κροτωνιῆται
613 1442 643 1501 δέ
657 1441 754 1502 ούδένα
764 1443 851 1517 σφίσι
862 1445 936 1518 φασὶ

134 1531 224 1600 ξεῖνον
242 1532 513 1609 προσεπιλαβέσθαι
526 1535 580 1591 τοῦ
595 1531 665 1608 πρός
682 1533 841 1608 Συβαρίτας
851 1535 934 1592 πολέ-

133 1643 196 1695 μου,
217 1623 241 1678 εἰ
258 1618 298 1696 μή
317 1621 450 1696 Καλλίην
467 1623 522 1679 τοῖν
541 1618 683 1697 Ἰαμιδέων
701 1619 801 1698 μάντιν
820 1620 935 1680 Ἠλεῖον

133 1711 245 1784 μοῦνον,
262 1708 307 1767 καὶ
319 1712 420 1768 τοῦτον
435 1707 530 1788 τρόπῳ
545 1709 650 1787 τοιῷδε·
671 1708 748 1786 παρὰ
761 1708 871 1784 Τήλυος
884 1714 935 1769 τοῦ

134 1796 312 1873 Συβαριτέων
338 1797 472 1874 τυράννου
497 1795 657 1873 ἀποδράντα
682 1797 833 1857 ἀπικέσθαι
859 1799 935 1874 παρά

134 1884 234 1957 σφέας,
262 1885 324 1943 ἐπεί
348 1910 379 1943 τε
405 1887 431 1944 οἱ
458 1883 494 1944 τά
519 1884 564 1962 ἱρά
588 1881 620 1942 ού
641 1883 799 1962 προεχώρεε
821 1885 934 1962 χρηστά

134 1969 257 2051 θυομένῳ
272 1973 318 2031 ε’πὶ
332 1971 476 2050 Κρότωνα.
517 1972 649 2032 τοῦτοδὲ
663 1970 700 2030 ὧν
713 1967 790 2030 οὗτοι
806 1973 933 2052 λέγουσι.

134 2060 281 2136 Μαρτύρια
302 2061 331 2118 δὲ
350 2061 453 2120 τούτων
477 2059 601 2137 ἑκάτεροι
624 2059 836 2119 ἀποδεικνύουσι
858 2059 933 2118 τάδε·
941 2063 981 2122 45

134 2149 290 2224 Συβαρῖται
307 2151 359 2225 μὲν
371 2149 484 2257 τέμενός
500 2175 531 2207 τε
550 2151 596 2207 καὶ
610 2148 677 2223 νηόν
696 2147 777 2205 έόντα
795 2148 872 2222 παρὰ
884 2148 934 2208 τόν

133 2235 217 2313 ξηράν
231 2236 410 2312 Κράστιν,
378 2263 427 2296 τον
442 2235 611 2313 ἱδρύσασθαι
622 2233 822 2293 συνελόντα
787 2259 839 2308 την
849 2234 933 2295 πόλιν

133 2324 242 2400 Δωριέα
250 2325 368 2405 λέγουσι
375 2323 533 2400 Ἀθηναίη’
521 2321 652 2424 επωνύμῳ
661 2321 801 2400 Κραοτίῃ·
812 2324 956 2384 τοῦτοδὲ

132 2401 217 2464 αύτου
203 2406 352 2483 Δωριέος
364 2403 414 2464 τόν
428 2403 548 2464 θάνατον
559 2401 711 2480 μαρτύριον
722 2402 860 2513 μέγιστον
872 2432 932 2466 ποι-

132 2497 232 2563 εύνται,
246 2491 289 2553 ὅτι
302 2491 379 2604 παρά
391 2517 427 2552 τα
439 2492 649 2570 μεμαντευμένα
665 2491 766 2603 ποιέων
783 2493 929 2572 διεφθάρη·

122 2583 156 2668 ἐἰ
177 2581 233 2662 γάρ
253 2581 286 2658 δή
307 2607 348 2659 μη
339 2581 529 2658 παρέπρηξε
550 2579 703 2658 11⁷1&er
661 2607 696 2640 επ
726 2578 800 2659 ᾧδὲ
823 2583 931 2660 ἐστάλη

123 2671 230 2739 ’έποίεα
245 2667 338 2728 εἷλε
321 2695 356 2729 αν
368 2669 425 2778 τήν
439 2668 584 2747 Ἐρυκίνην
603 2669 697 2749 χάρην
717 2695 764 2728 και
753 2669 852 2730 έλων
868 2697 930 2732 κατ-

131 2756 208 2836 έσχε,
224 2755 311 2817 ούδ’“
294 2785 328 2818 αν
342 2757 424 2820 αι’ντός
436 2783 467 2818 τε
480 2757 556 2834 καὶή
570 2783 689 2836 στρατιη
681 2757 852 2834 διεφθάρη.
867 2759 930 2819 οἶδ

130 2843 165 2904 αὖ
179 2849 370 2922 Κροτωνιῆται
383 2841 561 2906 άποδεικνῦσι
580 2845 696 2924 Καλλίῃ
713 2848 765 2922 μὲν
777 2850 815 2924 τῷ
827 2845 931 2926 Ἠλείῳ
985 2877 987 2882 ·

130 2931 258 3010 έξαίρετα
272 2939 300 2994 έν
312 2938 351 3014 γῇ
363 2937 400 3012 τῇ
415 2932 620 3010 Κρωτωνιήτιδι
634 2933 733 2992 πολλά
745 2934 869 3004 δοθέντα,
884 2936 931 3014 (τά

130 3021 177 3079 καὶ
191 3025 219 3084 ές
232 3024 281 3098 ε’μὲ
294 3023 334 3081 ἔτι
344 3022 472 3097 ἐνέμοντο
482 3024 509 3080 οἱ
520 3021 653 3080 Καλλίεω
663 3019 820 3102 άπόγονοα)
830 3022 933 3096 Δωριέῖ

129 3107 160 3168 δέ
171 3109 217 3167 καὶ
226 3113 303 3170 τοῖσι
314 3111 434 3186 Δωριέος
444 3107 612 3190 άπογόνοισι
622 3107 710 3170 ούδέν·
725 3109 815 3167 καίτοι
827 3111 852 3164 εἰ
865 3133 929 3165 συν-

130 3196 289 3273 επελάβετό
309 3219 342 3277 γε
365 3200 415 3256 τοῦ
440 3197 626 3273 Συβαριτικοῦ
648 3196 777 3270 πολέμου
801 3192 929 3268 Δωριεύς,

129 3281 700 3361 δοθήναιάνοίπολλαπλόσιαῆΚαλλίῃ.
723 3283 812 3336 ταῦτα
818 3279 930 3354 μέννυν
975 3355 979 3362 ,
