2276 3538
162 142 303 204 ιιι-ιω]
473 141 659 192 nomam
916 141 962 194 ιιι

162 221 253 283 ἔθνεος
267 219 503 301 Ιἐπαγγέλλεσθαι
524 220 636 296 φιλίην·
658 220 739 284 εἴπας
754 220 784 281 δέ
803 223 898 293 ταῦτα,
917 221 963 281 καὶ

162 307 343 385 θεησάμενος,
358 307 482 367 ἀπέπλεε
496 312 523 371 ἐς
535 307 721 385 τῆνΘέρμην.

202 396 236 455 ‘O
250 399 302 473 μὲν
315 396 348 472 δῆ
361 397 425 472 περὶ
437 397 555 473 Πιερίην
573 395 695 473 διέτριβε
708 395 813 473 ῆμέρας
826 396 941 476 συχνάς·
953 397 1008 456 131

161 483 193 543 τό
206 484 261 565 γάρ
275 483 309 560 δῆ
323 483 404 562 οὖρος
415 483 449 543 τό
463 483 654 544 Μακεδονικόν
668 484 753 561 ἔκειρε
765 488 816 559 τῆς
830 489 963 562 στρατιῆς

160 573 328 650 τριτημορὶς,
354 572 398 630 ἵνα
419 571 506 650 ταύτῃ
527 571 613 650 διεξίῃ
634 569 733 631 άπασα
753 571 771 648 ῆ
795 571 913 648 στρατιῆ
935 577 963 635 ἐς

162 659 348 736 Περραιβούς.
392 660 462 719 οἶδὲ
475 659 509 735 δῆ
523 658 637 736 κήρυκες
651 663 677 718 οἶ
691 659 922 737 ἀποπεμφθέντες
936 665 963 723 ές

161 747 213 822 τῆν
225 747 352 808 Ἐλλάδα
365 749 411 806 ε’πὶ
423 751 476 828 γῆς
490 748 601 823 αἴτησιν
615 746 757 810 ἀπικέατο·
773 751 860 824 οἱμὲν
870 748 962 818 κεινοὶ,

162 837 190 894 οἱ
207 835 237 894 δὲ
258 835 388 912 φέροντες
409 840 463 916 γῆν
483 860 514 894 τε
536 835 582 894 καὶ
604 834 685 912 ὕδωρ.
718 841 774 896 τῶν
790 835 820 896 δὲ
840 834 942 895 δόντων
954 837 1010 894 132

161 929 250 986 ταῦτα
268 924 395 1004 εἠένοντο
414 923 480 984 οἶδε·
502 925 657 993 Θεσσαλοὶ,
676 923 814 994 Δόλοπες,
830 923 961 1000 Ἐνιῆνες,

163 1012 329 1088 Περραιβοὶ,
348 1012 462 1089 Λοκροὶ,
482 1009 638 1093 Μάγνητες,
656 1012 789 1087 Μηλιέες,
804 1011 916 1090 Ἀχαιοὶ
936 1014 963 1071 οἱ

163 1099 293 1175 Φθιῶται,
314 1100 359 1158 καὶ
380 1101 511 1176 Θηβαῖοι,
530 1100 575 1158 καὶ
593 1102 620 1158 οἱ
640 1098 725 1158 ἄλλοι
747 1099 864 1159 Βοιωτοὶ
886 1099 963 1174 πλῆν

164 1187 306 1247 Θεσπιέων
323 1215 354 1248 τε
373 1189 419 1246 καὶ
435 1189 611 1247 Πλαταιέων.
653 1187 698 1246 ε’πὶ
713 1186 840 1246 τούτοισι
857 1190 883 1246 οἱ
894 1186 962 1246 Ἕλ-

164 1279 247 1350 ληνες
260 1276 363 1352 ἔταμον
377 1275 470 1352 ὅρκιον
484 1279 511 1336 οἱ
523 1279 561 1354 τῷ
574 1274 714 1354 βαρβάρῳ
728 1274 854 1351 πόλεμον
872 1273 962 1351 άειρά-

163 1387 251 1438 μενοι·
280 1364 312 1424 τδ
340 1364 369 1422 δὲ
393 1363 486 1440 ὅρκιον
514 1362 565 1422 ὦδε
589 1363 656 1442 εἶχε·
687 1373 705 1398 “
714 1363 778 1423 ὅσοι
799 1367 837 1440 τῷ
861 1363 962 1441 Πέρσῃ

163 1449 264 1511 ἔδοσάν
282 1459 374 1528 σφεας
392 1451 639 1526 αὐτοῦςἝλληνες
655 1449 753 1520 ε’όντες,
766 1450 807 1527 μῆ
821 1450 960 1532 ἀναγκασ-

163 1538 262 1608 θέντες,
274 1538 469 1599 καταστάντων
483 1546 538 1615 σφι
553 1537 582 1598 εὖ
596 1543 650 1598 τῶν
660 1539 839 1620 πρηγμάτων,
849 1538 963 1602 τούτους

163 1626 326 1688 δεκατεῦσαι
341 1632 380 1707 τῷ
398 1633 426 1686 ε’ν
446 1631 591 1703 Δελφοῖσι
609 1627 686 1706 θεῴ·”
707 1628 741 1687 τό
755 1630 806 1705 μὲν
820 1626 853 1704 δῆ
868 1626 962 1704 ὅρκιον

163 1713 214 1774 ὧδε
225 1715 282 1794 εἶχε
289 1716 505 1791 τοῖσιἝλλησι.
531 1715 578 1778 Ἐς
587 1716 616 1774 δὲ
626 1715 746 1792 Ἀθήνας
757 1717 802 1776 καὶ
811 1715 943 1792 Σπάρτην
951 1718 1010 1796 γ133

163 1802 212 1861 οὐκ
232 1803 379 1882 ἀπέπεμψε
400 1802 415 1863 ό
437 1805 551 1880 Πέρσης
572 1805 617 1862 ε’πὶ
636 1809 689 1886 γῆς
713 1805 824 1880 αἴτησιν
845 1803 963 1881 κήρυκας

162 1891 247 1950 τῶνδε
260 1893 358 1950 εἵνεκα·
379 1891 515 1969 πρότερον
533 1893 652 1968 Δαρείου
665 1893 826 1972 πέμψαντος
840 1891 881 1952 ἐπ’
896 1892 963 1952 αὐτὰ

162 1983 253 2049 τοῦτο,
271 1983 297 2039 οἱ
314 1982 366 2055 μὲν
383 1979 471 2040 αὐτῶν
489 1979 553 2042 τούς
572 1981 712 2042 αἰτέοντας
726 1985 753 2044 ές
765 1981 799 2040 τό
816 1980 977 2056 βάραθρονΙ

164 2069 190 2126 οἱ
203 2067 232 2125 δὲ
247 2073 274 2130 ἒς
287 2068 378 2143 φρέαρ
391 2066 573 2144 ἐσβαλόντες,
585 2069 712 2128 ε’κέλευον
721 2073 775 2149 γῆν
788 2093 819 2127 τε
834 2068 879 2126 καὶ
892 2067 962 2144 ὕδωρ

164 2160 194 2214 ἐκ
211 2155 315 2216 τούτων
328 2157 423 2234 φέρειν
441 2155 518 2227 παρὰ
535 2157 670 2232 βασιλέα·
691 2155 796 2216 τούτων
808 2158 860 2232 μὲν
874 2156 963 2216 εἵνεκα

164 2241 214 2303 οὐκ
232 2245 337 2322 έπεμψε
355 2245 460 2321 Ξέρξης
475 2244 540 2306 τούς
559 2243 733 2319 αἰτήσοντας.
775 2243 831 2304 ὅτι
844 2243 874 2302 δὲ
886 2247 962 2302 τοῖσι

163 2329 339 2407 Ἀθηναίοισι
350 2337 439 2392 ταῦτα
451 2332 591 2407 ποιήσασι
603 2332 668 2395 τούς
686 2331 805 2408 κήρυκας
818 2330 963 2406 συνήνεικε

163 2418 330 2496 ἀνεθέλητον
342 2421 482 2502 γενέσθαι,
497 2420 545 2480 οὐκ
560 2421 613 2498 ἔχω
626 2419 710 2488 εἶπαι,
724 2419 800 2495 πλῆν
811 2419 854 2480 ὅτι
867 2419 964 2494 σφέων

163 2508 182 2584 ῆ
202 2508 280 2586 χάρη
302 2508 348 2568 καὶ
366 2508 384 2584 ῆ
405 2508 488 2572 πόλις
509 2508 635 2584 ε’δηῖάθη·
665 2507 742 2568 άλλά
763 2513 846 2568 τοῦτο
865 2507 897 2568 οὗ
918 2507 963 2567 διά

163 2597 266 2672 ταύτην
275 2597 327 2673 τῆν
337 2598 427 2673 αἰτίην
440 2597 525 2656 δοκέω
537 2597 679 2678 γενέσθαι.
700 2601 783 2656 Τοῖσι
797 2597 826 2656 δὲ
840 2596 877 2656 ὧν
886 2597 1010 2657 Aut-134

164 2685 364 2762 κεδαιμονίοισι
376 2690 458 2762 μῆνις
472 2687 630 2764 κατέσκηψε
644 2686 809 2762 Ταλθυβίου
818 2689 868 2746 τοῦ
878 2685 963 2767 Ἀγα-

163 2775 300 2850 μέμνονος
312 2773 437 2851 κήρυκος·
459 2776 500 2854 (ἐν
515 2773 570 2855 γάρ
587 2773 703 2853 Σπάρτη
720 2775 781 2854 ἐστὶ
798 2775 962 2850 Ταλθυβίου

165 2861 233 2936 ἱρόν·
255 2863 311 2920 εἰσὶ
324 2861 354 2920 δὲ
370 2863 417 2921 καὶ
432 2860 567 2943 οἷπόγονοι
580 2863 753 2938 Ταλθυβίου,
767 2861 963 2938 Ταλθυβιάδαι

164 2950 336 3026 καλεόμενοι,
350 2954 427 3010 τοῖσι
440 2953 469 3009 αἱ
483 2951 627 3027 κηρυκηίαι
640 2954 669 3010 αἱ
683 2956 712 3010 ἐκ
727 2949 857 3026 Σπάρτης
872 2954 964 3008 πεῖσαι

163 3037 247 3117 γέρας
263 3037 409 3118 δέδονται)
426 3038 497 3114 μετὰ
516 3039 656 3109 δὲταῦτα,
674 3042 751 3098 τοῖσι
770 3036 963 3114 Σπαρτιήτῃσι

164 3129 351 3203 καλλιερῆσαι
372 3127 532 3202 θυομένοισι
549 3125 598 3186 ὀὔκ
619 3127 741 3186 ἐδύνατο·
767 3129 851 3184 τοῦτο
873 3123 896 3182 δ’
918 3125 964 3182 ε’πὶ

163 3213 265 3292 χρόνον
283 3213 390 3293 συχνόν
407 3213 442 3288 ἦν
460 3221 525 3290 σφι·
546 3213 707 3292 ἀχθομένων
725 3213 754 3272 δὲ
768 3212 814 3270 καὶ
828 3216 964 3292 συμφορῇ

163 3303 325 3380 χρεωμένων
341 3301 573 3376 Λακεδαιμονίων,
592 3301 674 3376 ἁλίης
688 3325 719 3360 τε
738 3297 877 3362 πολλάκις
893 3303 963 3362 συλ-

1065 3431 1135 3506 Δ
