2278 3538
179 173 319 238 ιοι-ιοι]
509 171 694 220 nomm.
933 173 978 226 ιιι

177 255 214 318 ὥς
235 260 264 315 ἐν
283 258 322 334 τῷ
342 257 454 332 ἐνιαυτῷ
474 253 536 312 ἐστὶ
555 251 588 312 τό
610 253 658 328 ἔαρ
675 251 869 328 δοκιμώτατον,
883 255 933 327 τῆς
951 252 981 312 δέ

176 347 232 404 τῶν
249 343 393 418 Ἑλλήνων
411 345 545 417 στρατιῆς
562 340 615 416 τὴν
634 343 733 400 ἑωυτοῦ
752 339 895 416 στρατιήν·
918 366 979 400 στε-

176 432 346 509 ρισκομένην
363 429 400 492 ὧν
415 429 467 505 τὴν
487 429 614 489 Ἑλλάδα
634 433 684 504 τῆς
703 431 802 498 ἑωυτοῦ
819 433 981 508 συμμαχίης

177 520 275 591 εἴκαζε,
287 519 322 582 (ῦς
333 523 357 578 εἰ
366 519 399 578 τό
411 519 458 594 έαρ
470 523 500 576 ἐκ
510 521 559 577 τοῦ
571 520 694 576 ἐνιαυτοῦ
705 517 918 594 ἐξαραιρημένον
930 518 980 593 εἴη.

175 646 178 651 ·
218 612 256 668 Οἱ
277 610 329 685 μὲν
350 607 385 682 δη
406 611 461 667 τῶν
481 605 626 681 Ἑλλήνων
647 605 764 687 α’γγελοι
781 609 907 664 τοσαῦτα
924 609 1028 683 τῷ163

175 697 283 760 Τέλωνι
304 694 546 776 χρηματισάμενοι
567 693 717 754 ἀπέπλεον·
745 695 839 754 Γέλων
861 694 890 753 δὲ
911 694 981 770 πρός

177 789 274 854 ταῦτα,
289 785 384 847 δείσας
396 787 448 861 μὲν
461 783 524 860 περὶ
537 788 613 842 τοῖσι
629 781 757 860 Ἕλλησι
770 783 811 859 μη
825 782 856 841 οῦ
871 783 981 842 δονέων·

176 899 224 933 ται
241 874 291 934 τόν
308 872 460 950 βάρβαρον
476 871 699 948 ῦπερβαλέσθαι,
714 871 802 932 δεινόν
816 871 845 930 δέ
864 871 910 930 καὶ
931 870 980 931 οῦκ

176 961 335 1041 άνασχετόν
366 960 554 1037 ποιησάμενος
584 960 673 1020 ἐλθόν
703 965 730 1022 ἐς
760 959 981 1035 Πελοπόννησον

177 1048 316 1128 ἄρχεσθαι
329 1049 384 1110 ῦπῦ
398 1048 622 1124 Λακεδαιμονίων
633 1048 687 1108 ἐοίν
701 1049 829 1124 Σικελίης
841 1048 979 1125 τύραννος,

178 1137 281 1214 ταύτην
299 1141 352 1214 μὲν
371 1137 423 1213 τήν
442 1135 508 1197 ὁδόν
528 1134 697 1212 ἦμέλησε,ό
718 1137 748 1196 δὲ
769 1136 862 1212 ἄλλης
881 1137 980 1215 εἴχετο·

175 1225 242 1284 ἐπεί
254 1253 286 1285 τε
300 1226 355 1306 γάρ
372 1226 495 1304 τάχιστα
514 1223 630 1284 ἐπύθετο
645 1224 695 1285 τόν
713 1226 830 1302 Πέρσην
845 1225 981 1300 διαβεβη-

179 1313 248 1372 κότα
274 1315 324 1373 τόν
353 1314 576 1388 Ἑλλήσποντον,
607 1314 712 1389 πέμπει
740 1314 981 1389 πεντηκοντέροισι

177 1403 256 1478 τρισὶ
270 1402 387 1481 Κάδμον
399 1402 448 1461 τόν
463 1400 581 1470 Σκύθεω,
596 1400 681 1478 ἄνδρα
695 1405 785 1480 Κῷον,
800 1407 827 1465 ἐς
841 1400 981 1476 Δελφοῦς,

179 1491 279 1569 ἔχοντα
296 1490 429 1571 χρήματα
449 1489 546 1554 πολλά
568 1491 614 1548 καὶ
634 1491 747 1564 φιλίους
767 1489 877 1570 λόγους,
900 1493 1000 1566 napa?

177 1577 335 1655 δοκησοντα
361 1579 412 1654 τὴν
435 1577 530 1656 μάχην
553 1575 572 1655 ᾗ
593 1579 734 1646 πεσέεται·
766 1579 811 1636 καὶ
834 1576 868 1653 ἢν
890 1579 942 1653 μὲν
969 1591 985 1649 ὁ

178 1665 327 1746 βάρβαρος
353 1671 424 1746 νικᾷ,
445 1665 481 1726 τά
504 1692 534 1724 τε
556 1665 688 1744 χρήματα
709 1665 783 1745 αὐτῷ
805 1665 909 1726 διδόναι
936 1666 981 1724 καὶ

177 1757 233 1834 γῆν
257 1781 289 1815 τε
316 1756 363 1814 καὶ
390 1755 461 1832 ὕδωρ
487 1759 542 1814 τῶν
564 1753 644 1834 άρχει
670 1753 686 1814 ό
714 1756 816 1814 Γέλων·
845 1752 879 1830 ἢν
902 1753 932 1812 δέ
955 1756 982 1812 οί

174 1841 320 1920 Ἕλληνες,
335 1843 427 1904 όπίσω
441 1843 583 1923 άπάγειν.-
1001 1851 1003 1856 ’

177 1970 181 1978 ·
218 1931 252 1992 ‘O
279 1931 310 1990 δὲ
337 1932 453 2010 Κάδμος
477 1929 565 2001 οὗτος,
588 1931 724 2008 πρότερον
746 1932 850 1992 τούτων
872 1932 1028 2009 παρα-164

178 2018 326 2098 δεξάμενος
351 2021 429 2098 παρὰ
457 2019 562 2096 πατρός
587 2019 639 2096 την
664 2020 811 2097 τυραννίδα
839 2019 926 2098 Κῴων
952 2017 982 2078 εῦ

178 2109 346 2184 βεβηκυῖαν,
356 2108 424 2168 έκιόν
436 2135 467 2168 τε
481 2109 551 2168 εἶναι
564 2109 610 2166 καὶ
622 2108 711 2167 δεινοῦ
725 2107 850 2170 ἐπιόντος
863 2106 981 2178 οῦδενῦς,

177 2194 257 2256 α’λλιί
277 2195 333 2256 άπὸ
354 2197 537 2272 δικαιοσύνης,
559 2201 587 2260 ἐς
606 2197 696 2272 μέσον
721 2196 828 2274 Κῴοισι
855 2194 983 2257 καταθεὶς

178 2283 230 2358 τήν
250 2283 348 2363 ἀρχὴν,
370 2286 463 2364 ὀἴχετο
486 2291 513 2348 ἐς
536 2285 674 2360 Σικελίην·
696 2285 761 2344 ἔνθα
772 2282 850 2360 μετὰ
870 2283 982 2359 Σαμίων

179 2372 291 2450 ἔσχετε
308 2374 354 2436 καὶ
374 2375 523 2449 κατοίκησε
543 2373 628 2431 πόλιν
649 2371 779 2452 Ζάγκλην
794 2371 846 2447 τὴν
862 2376 889 2436 ές
902 2377 981 2431 Μεσ-

178 2459 270 2538 σήνην
283 2463 504 2536 μεταβαλοῦσαν
516 2461 549 2521 τό
563 2459 676 2536 οῦνομα,

219 2552 326 2610 Τοῦτον
346 2549 379 2626 δὴ
401 2549 437 2609 ὦν
456 2549 472 2609 ὁ
494 2551 589 2610 Γέλων
609 2550 658 2608 τόν
676 2550 791 2624 Κάδμον
808 2551 854 2608 καὶ
867 2549 981 2628 τοιούτῳ

177 2636 272 2718 τρόπῳ
298 2637 474 2712 ἀπικόμενον,
496 2637 541 2698 διά
568 2637 744 2712 δικαιοσύνην
769 2637 820 2714 τήν
847 2641 873 2698 οἱ
900 2635 983 2700 αῦτός

178 2723 272 2801 άλλην
285 2726 400 2804 συνῄδεε
414 2731 523 2795 ἐοῦσαν,
538 2726 653 2801 ἔπεμπε·
674 2724 704 2788 ῦς
718 2725 763 2784 ἐπὶ
775 2729 851 2786 τοῖσι
865 2724 982 2784 ἄλλοισι

178 2814 312 2874 δικαίοισι
324 2819 401 2874 τοῖσι
418 2815 448 2883 ἐξ
461 2818 561 2874 ἑωυτοῦ
577 2815 783 2894 ἐργασμένοισι,
798 2814 844 2873 καὶ
856 2813 920 2874 τόδε
933 2811 983 2872 οῦκ

179 2900 333 2981 ἐλάχιστον
349 2903 453 2962 τούτων
470 2903 605 2962 ἐλείπετο·
627 2901 769 2980 κρατήσας
782 2901 838 2982 γάρ
851 2900 982 2981 μεγάλων

178 2990 330 3069 χρημάτων
349 2994 404 3050 τῶν
425 2994 452 3049 οἶ
472 2991 567 3050 Γέλων
588 2991 766 3068 ἐπετράπετο,
780 2989 884 3066 παρεόν
899 3013 981 3046 κατα-

178 3073 312 3157 σχέσθαι,
334 3078 383 3138 οῦκ
405 3080 532 3154 ἐθέλησε,
554 3078 619 3137 ἀλλ’
641 3079 701 3138 ἐπεὶ
722 3081 748 3136 οἱ
763 3077 902 3151 Ἕλληνες
922 3079 980 3134 ἐπε-

179 3167 323 3242 κράτησαν
350 3172 384 3245 τῇ
412 3169 558 3246 ναυμαχίη,
584 3169 629 3225 καὶ
653 3168 757 3250 ’,Ξέρξης
781 3163 892 3242 οἰχώκεε
916 3160 981 3222 άπε-

179 3255 296 3324 λαόνων,
311 3255 357 3314 καὶ
372 3254 406 3331 δη
426 3255 471 3314 καί
488 3259 589 3318 ἐκεῖνος
604 3256 719 3314 ἀπίκετο
738 3258 765 3313 ἐς
781 3251 833 3327 την
851 3250 981 3326 Σικελίην

179 3342 237 3404 dud
249 3343 344 3403 πάντα
354 3342 390 3404 τά
403 3341 535 3422 χρήματα
548 3342 631 3418 ἄγων.
