2278 3538
208 147 255 194 180
511 143 695 192 Ἥυοιουοτ
922 142 1001 208 [vn.

155 223 211 280 149
222 228 278 296 σφι
294 223 423 300 ἀποχρᾶν
440 222 509 280 κατά
527 221 559 280 τό
575 220 664 296 ἥμισυ
681 220 869 301 ἡγεομένοισι.
910 227 1005 282 Ταῦτα

200 312 252 385 μὲν
265 310 384 390 λέγουσι
398 309 450 384 τὴν
465 310 577 385 βουλὴν
593 309 805 384 ἀποκρίνασθαι,
821 309 918 386 καίπερ
933 309 1019 368 <inat

200 396 363 477 γορεόοντός
383 403 439 472 σφι
459 401 508 456 τοῦ
530 398 703 475 χρηστηρίου
723 395 764 472 μὴ
786 397 932 456 ποιέεσθαι
952 399 1005 472 τὴν

201 484 272 561 πρός
294 484 358 548 τούς
372 484 516 560 Ἕλληνος
539 484 712 562 συμμαχίην·
733 483 860 558 σπουδὴν
881 485 911 542 δὲ
932 485 1005 562 ἔχειν

202 573 327 636 σπονδάς
344 573 477 654 γενέσθαι
495 572 734 649 τριηκοντοέτιδας
753 572 851 647 καίπερ
865 571 897 631 τό
915 598 1004 650 χρησ-

201 661 298 737 τήριον
316 662 527 736 φοβεομένοισι,
545 660 589 717 ἵνα
609 659 644 734 δὴ
665 666 721 734 σφι
743 663 769 718 οἱ
789 660 885 722 παῖδες
905 660 1004 737 ἀνδρω-

203 749 287 807 θέωσι
316 753 344 808 ἒν
370 747 495 806 τούτοισι
521 749 598 806 τοῖσι
625 748 708 806 ἔτεσι·
740 747 780 822 μὴ
807 747 836 806 δὲ
864 747 1005 807 σπονδέων

202 836 328 904 ἐουσέων,
344 835 532 915 ἐπιλέγεσθαι,
547 832 581 909 ἢν
595 833 649 910 ἀρα
667 836 759 910 σφέας
773 835 922 912 καταλάβῃ
936 835 1004 912 πρός

201 926 239 1000 τῷ
251 922 379 1003 γεγονότι
396 926 469 1002 κακῷ
488 922 562 981 ἀλλο
580 927 709 999 πταῖσμα
726 921 797 998 πρός
814 922 863 981 τόν
880 924 1004 998 Πέρσην,

201 1011 241 1085 μὴ
259 1010 292 1070 τό
312 1010 413 1070 λοιπόν
432 1011 498 1070 ἔωσι
515 1010 739 1086 Λακεδαιμονίων
755 1009 884 1085 ἀπὴκοοι·
904 1011 1005 1070 τῶνδὲ

202 1097 329 1179 ἀγγέλων
341 1098 406 1161 τοιῖς
422 1097 478 1158 ἀπό
492 1103 542 1173 τῆς
560 1098 690 1174 Σπάρτης
703 1097 773 1174 πρὸς
788 1097 824 1156 τοὶ
840 1098 959 1174 ῥηθέντα
975 1104 1004 1158 ἐκ

202 1191 252 1261 τῆς
269 1187 380 1262 βουλῆς
397 1185 572 1264 ἀμείψασθαι
587 1185 692 1244 τοῖσδε·
713 1186 777 1260 περὶ
794 1188 846 1262 μὲν
864 1186 1005 1245 σπονδέων

203 1275 326 1335 ἀνοίσειν
341 1279 368 1338 ές
383 1275 447 1337 τοιῖς
460 1278 591 1336 πλεῦνος·
613 1274 676 1350 περὶ
690 1273 720 1331 δὲ
733 1272 882 1353 ἡγεμονίης
896 1273 1004 1332 αὐτοῖσι

203 1362 365 1422 ἐντετάλθαι
388 1361 599 1438 ἀποκρίνασθαι,
625 1362 671 1419 καὶ
695 1360 729 1436 δὴ
756 1361 857 1441 λέγειν,
879 1361 935 1435 σφὶ
954 1363 1005 1437 μὲν

203 1450 272 1510 εἶναι
286 1449 334 1509 δύο
348 1451 496 1525 βασιλέας,
507 1449 662 1528 Ἀργείοισι
676 1448 705 1506 δὲ
719 1449 775 1507 ἕνα·
795 1447 881 1507 οὔκων
891 1449 1006 1509 δυνατόν

204 1539 272 1596 εἶναι
290 1541 345 1597 τοῖν
361 1541 390 1595 ἐκ
410 1536 540 1613 Σπάρτης
557 1535 700 1613 οάδέτερον
714 1540 823 1595 παῦσαι
838 1540 888 1610 τῆς
903 1535 1005 1616 ἡγεμο-

203 1626 271 1701 νίης·
291 1625 363 1702 μετά
376 1625 406 1684 δὲ
423 1624 473 1683 δύο
485 1629 540 1683 τοῖν
554 1624 698 1701 σφετέρων
711 1622 864 1701 ὁμόψηφον
881 1623 930 1683 τόν
943 1622 1005 1700 Ἀρ-

202 1716 279 1794 γεῖον
293 1712 362 1771 εἶναι
376 1710 490 1771 κωλύειν
504 1710 591 1770 οὐδέν.
624 1711 694 1771 οὕτω
708 1711 741 1786 δὴ
757 1713 783 1770 οἶ
795 1709 920 1792 Ἀργεῖοί
932 1717 1006 1786 φασι

204 1801 254 1860 οὐκ
274 1800 451 1890 ἀνασχέσθαι
470 1802 526 1858 τῶν
546 1799 741 1876 Σπαρτιητέων
760 1798 813 1874 τὴν
833 1799 1005 1874 πλεονεξίην,

203 1887 268 1947 ἀλλ’
288 1888 404 1947 ἑλέσθαι
419 1891 533 1963 μᾶλλον
550 1886 605 1947 ἀπό
623 1891 678 1946 τῶν
695 1886 851 1964 βαρβάρων
868 1884 1007 1962 ἄρχεσθαι

204 1975 224 2052 ἦ
237 2002 264 2035 τι
277 1975 387 2046 ὑπεῖξαι
400 1974 656 2052 Λακεδαιμονίοισι·
670 1978 813 2052 προειπεῖν
826 2000 857 2034 τε
869 1977 945 2033 τοῖσι
956 1973 1005 2050 ἀγ-

202 2066 315 2146 γέλοισι
336 2064 391 2141 πρό
415 2063 511 2126 δόντος
534 2063 618 2138 ἡλίου
638 2062 882 2122 ἀπαλλάσσεσθαι
904 2066 933 2120 ε’κ
955 2066 1006 2135 τῆς

204 2153 337 2234 Ἀργείων
346 2151 447 2232 χάρης·
466 2151 529 2210 εἰδὲ
542 2152 592 2227 μὴ,
603 2151 787 2228 περιέψεσθαι
798 2149 834 2213 οῖς
843 2150 1005 2224 πολεμίους.

159 2244 215 2301 150
245 2240 332 2301 Αὐτοὶ
344 2244 396 2316 μὲν
408 2239 531 2320 Ἀργεῖοι
544 2242 670 2298 τοσαῦτα
683 2237 786 2297 τούτων
799 2238 864 2314 πέρι
877 2237 1005 2317 λέγουσι.

205 2331 265 2388 ἔστι
285 2329 315 2388 δὲ
335 2327 424 2390 ἄλλος
445 2327 530 2407 λόγος
550 2326 701 2407 λεγόμενος
722 2325 774 2384 ἀνά
795 2325 847 2401 τὴν
869 2324 1005 2393 Ἑλλάδα,

206 2417 241 2480 οῖς
254 2417 358 2493 Ξέρξης
373 2417 479 2490 ἔπεμψε
496 2415 601 2490 κη’ρυκα
615 2420 643 2476 ἐς
654 2413 760 2493 Ἀργος
773 2413 909 2490 πρότερον
922 2411 940 2488 ἦ
954 2438 1006 2488 περ

205 2505 330 2580 ὁρμῆσαι
354 2501 557 2578 στρατεύεσθαι
581 2502 627 2560 ε’πὶ
650 2501 702 2578 τὴν
724 2501 860 2560 Ἐλλάδα·
889 2499 1008 2559 ἐλθόντα

206 2592 234 2650 δὲ
247 2595 346 2650 τοῦτον
356 2590 468 2671 λέγεται
483 2593 576 2650 εἰπεῖν·
595 2589 713 2666 ’(άνδρες
726 2588 856 2668 Ἀργεῖοι,
868 2587 1008 2663 βασιλεάς

205 2679 309 2754 Ξέρξης
332 2677 398 2737 τάδε
419 2676 484 2753 ύμῖν
505 2677 591 2758 λέγει·
619 2676 698 2754 ἡμεῖς
722 2676 869 2751 νομίζομεν
892 2673 1008 2750 Πέρσην

205 2766 282 2836 εἶναι,
301 2764 348 2824 ἀπ’
365 2763 397 2826 οὗ
417 2765 497 2842 ἡμεῖς
517 2765 680 2846 γεγόναμεν,
701 2764 788 2822 παῖδα
810 2762 937 2839 Περσέος
957 2770 1008 2822 τοΰ

206 2853 326 2930 Δανάης,
342 2853 478 2935 γεγονότα
497 2857 527 2912 έκ
543 2857 593 2929 τὴς
610 2853 725 2928 Κηφέος
742 2850 879 2932 θυγατρός
894 2849 1007 2927 Ἀνδρο-

204 2943 298 3019 μέδης·
320 2940 390 3002 οὕτω
408 2938 442 3001 ἀν
459 2940 496 3001 ὧν
516 2942 610 3016 εἴημεν
630 2940 757 3016 ὖμέτεροι
778 2938 923 3019 ἀπόγονοι·
944 2937 1008 2997 οὔτε

205 3029 242 3090 ὦν
262 3029 350 3107 ἡμέας
373 3028 448 3091 οἶκός
470 3029 515 3087 ε’πὶ
535 3028 600 3090 τοῖς
620 3027 771 3104 ἡμετέρους
790 3026 945 3108 προγόνους
966 3031 1008 3085 ε’κ-

205 3117 416 3196 στρατεύεσθαι,
430 3113 493 3174 οὔτε
508 3113 594 3189 ἡμέας
610 3113 728 3173 ἄλλοισι
744 3115 928 3192 τιμωρέοντας
940 3113 1009 3190 ἡμῖν

205 3205 346 3275 ἀντιξόους
359 3203 499 3284 γενέσθαι,
514 3200 592 3260 ἀλλὰ
605 3201 670 3277 παρ’
683 3200 749 3277 ὑμῖν
762 3201 874 3262 αὐτοῖσι
886 3200 1008 3278 ἡσυχίην

206 3295 320 3371 ἔχοντας
340 3291 487 3364 κατῆσθαι·
508 3288 543 3362 ἢν
560 3289 615 3367 γάρ
632 3289 694 3360 ε’μοῖ
711 3289 825 3369 γένηται
846 3287 915 3346 κατὰ
934 3287 1007 3355 νόον,
1125 3357 1129 3396 ¹
