2278 3538
165 156 211 202 τοι
471 151 655 200 ὐνοιουου
883 150 977 214 [vn.-

164 233 210 289 καὶ
232 235 267 310 τῇ
291 232 357 289 Θέτι
381 232 427 288 καὶ
447 235 515 308 τῇσι
542 229 667 306 Νηρηίσι
695 229 813 300 θύοντες,
839 230 963 290 ἔπαυσαν

163 319 280 396 τετάρτη
293 317 393 396 ἡμέρη·
411 316 429 394 ἢ
443 318 536 381 ἄλλως
551 347 602 381 κως
616 317 699 381 αὐτός
713 319 815 377 ε’θέλων
831 317 962 377 ἐκόπασε·

162 411 198 484 τῇ
216 407 244 464 δὲ
263 409 329 466 Θέτι
346 408 432 476 ἔθυον,
457 407 608 484 πυθόμενοι
629 406 704 482 παραὶ
721 412 775 465 τῶν
796 405 894 466 Ἰώνων
914 407 963 466 τόν

163 494 258 576 λόγον,
283 495 318 558 ὦς
345 501 375 553 ε’κ
398 499 449 554 τοῦ
476 494 568 574 χοίρου
594 495 694 554 τούτου
722 495 881 572 ἁρπασθείη
907 495 963 554 όπδ

163 586 283 658 Πηλέος,
303 585 392 659 εἴητε
411 581 545 659 ἅπασαή
561 583 631 659 ἀκτὴ
650 583 668 659 ή
689 583 795 658 Σηπιὰς
815 583 917 658 ἐκείνης
933 611 964 642 τε

164 673 209 730 καὶ
224 677 278 731 τῶν
292 672 387 732 ἄλλων
406 673 562 749 Νηρηίδων·
585 671 599 730 ό
615 675 667 749 μὲν
684 671 717 746 δὴ
738 671 854 749 τετάρτη
874 671 964 750 ἡμέρη

118 762 172 819 192
183 762 330 820 ἐπέπαυτο.
371 765 454 819 Τοῖσι
473 761 502 818 δὲ
513 761 642 836 Ἕλλησι
662 764 688 820 οἱ
700 760 893 836 ήμεροσκόποι
908 760 963 819 οἷπό

162 853 215 908 τῶν
243 848 332 926 όκρων
351 854 406 908 τῶν
432 849 579 925 Εὐβοϊκῶν
606 849 828 926 καταδραμόντες
852 849 964 926 δευτέρῃ

162 937 250 1016 ἡμέρη
265 936 311 995 α’π’
325 935 387 1012 ἦςὸ
404 937 508 1016 χειμιδν
522 937 537 996 ὁ
551 943 659 1014 πρῶτος
681 939 797 1018 ἐγένετο,
812 938 963 1013 ἐσήμαινον

162 1023 253 1084 πάντα
276 1025 312 1085 τό
335 1027 471 1108 γενόμενα
494 1028 557 1104 περὶ
577 1027 628 1103 τὴν
653 1027 794 1108 ναυηγίην·
832 1030 857 1086 οἱ
879 1027 908 1085 δὲ
930 1026 964 1090 ιίς

163 1113 305 1184 ἐπύθοντο,
315 1115 485 1175 Ποσειδέωνι
495 1117 603 1192 Σωτῆρι
618 1115 768 1192 εὐξάμενοι,
781 1115 825 1172 καὶ
840 1115 964 1178 σπονδὰς

162 1203 337 1281 προχέαντες,
359 1203 410 1280 τὴν
427 1205 565 1282 ταχίστην
584 1203 674 1263 ὀπίσω
692 1202 841 1284 ἠπείγοντο
865 1203 909 1262 ε’πὶ
930 1203 963 1262 τδ

161 1290 348 1368 Ἀρτεμίσιον·
371 1291 536 1354 ἐλπίσαντες
551 1292 649 1372 ὀλίγας
662 1290 738 1354 τινός
753 1297 808 1366 σφι
823 1291 964 1361 ἀντιξόους

163 1380 279 1439 ἔσεσθαι
292 1381 363 1442 νέας.
406 1383 495 1456 οἱμὲν
510 1380 542 1456 δη
558 1379 591 1439 τδ
609 1379 735 1456 δεύτερον
750 1379 883 1452 ἐλθόντες,
900 1381 963 1457 περὶ

162 1467 194 1525 τό
217 1466 395 1544 Ἀρτεμίσιον
420 1468 592 1546 ἐναυλόχεον,
620 1469 810 1530 Ποσειδέωνος
836 1469 964 1544 Σωτῆρος

163 1558 316 1631 ἐπωνυμίην
330 1555 386 1614 οἷπὸ
399 1555 499 1614 τούτου
513 1558 553 1614 ἔτι
567 1557 612 1613 καὶ
627 1562 653 1618 ές
666 1556 729 1614 τόδε
743 1559 905 1632 νομίζοντες.
917 1611 919 1616 ,

117 1643 172 1700 193
216 1645 253 1700 Οἱ
267 1643 296 1700 δὲ
308 1643 463 1719 βάρβαροι,
477 1643 511 1705 ὥς
525 1642 669 1702 ἐπαύσατό
682 1671 713 1703 τε
727 1643 742 1703 ὁ
757 1643 856 1721 ἄνεμος
871 1645 916 1702 καὶ
929 1645 962 1703 τό

163 1733 236 1805 κῦμα
263 1731 390 1807 ἔστρωτο,
422 1731 654 1794 κατασπάσαντες
688 1733 737 1794 τὰς
769 1737 836 1808 νῆας
864 1734 962 1792 ἔπλεον

162 1817 238 1894 παρα
264 1817 315 1894 τήν
341 1818 465 1897 ἤπειρον·
500 1819 659 1896 κάμψαντες
683 1821 712 1879 δὲ
735 1819 787 1895 την
807 1818 894 1897 ἄκρην
913 1825 962 1896 τῆς

86 1944 89 1952 ·
163 1907 338 1986 Μαγνησίης,
367 1909 452 1967 ἰθεῖαν
476 1909 576 1967 ἔπλεον
598 1913 625 1970 ἐς
644 1909 694 1968 τᾶν
715 1907 821 1967 κόλπον
841 1908 890 1968 τόν
918 1909 962 1967 ἐπὶ

163 1988 320 2076 Παγασέων
344 1997 475 2073 φέροντα.
519 1999 578 2056 ἔστι
600 1997 628 2056 δὲ
648 2002 738 2076 χῶρος
760 2002 788 2055 ἒν
808 2001 846 2076 τῷ
867 1996 962 2075 κόλπῳ

163 2082 250 2162 τούτῳ
270 2089 320 2160 τῆς
341 2086 515 2165 Μαγνησίης,
533 2087 597 2145 ἔνθα
618 2086 730 2165 λέγεται
750 2084 800 2144 τόν
820 2083 962 2160 Ἡρακλέα

408 2171 473 2194 εΗ

163 2174 384 2248 καταλειφθῆναι
399 2199 454 2231 υπο
476 2173 593 2248 Ιήσονός
613 2173 705 2232 τεκαὶ
723 2176 778 2231 τῶν
795 2172 962 2248 συνεταίρων

163 2263 192 2316 ε’κ
213 2263 263 2334 τῆς
284 2259 402 2341 Ἀργοῦς
424 2259 466 2318 ἐπ’
490 2260 561 2337 ὕδωρ
585 2261 757 2338 πεμφθέντα,
784 2259 836 2318 εὖτ’
861 2260 906 2318 ε’πὶ
929 2259 961 2318 τό

162 2350 233 2409 κῶας
253 2348 353 2407 ἔπλεον
373 2353 400 2410 ε’ς
421 2347 492 2406 Αἶαν
511 2348 563 2423 τὴν
584 2348 724 2426 Κολχίδα·
765 2349 887 2408 ἐνθεῦτεν
907 2347 961 2427 γᾶρ

162 2434 282 2510 ἔμελλον
302 2434 500 2511 ὑδρευσόμενοι
522 2441 549 2497 ἐς
569 2435 601 2494 τό
621 2437 744 2516 πέλαγος
763 2433 894 2511 ἀφήσειν·
917 2436 962 2493 ἐπὶ

161 2519 260 2580 τοίπου
287 2521 316 2578 δὲ
341 2527 379 2600 τῷ
401 2522 481 2600 χοίρῳ
509 2521 613 2598 οὔνομα
640 2524 738 2604 γέγονε
763 2521 890 2599 Ἀφέται.
934 2527 961 2582 ἐν

161 2607 248 2686 τούτῳ
263 2607 299 2668 ὧν
313 2607 401 2685 ὅρμον
415 2613 442 2668 οἱ
454 2611 562 2686 Ξέρξεω
577 2615 727 2670 ἐποιεῦντο.

116 2699 173 2777 194
216 2696 416 2755 Πεντεκαίδεκα
444 2698 472 2756 δὲ
498 2703 553 2758 τῶν
580 2703 651 2775 νηῶν
671 2699 789 2758 τουτέων
813 2697 910 2776 ἔτυχόν
931 2725 961 2757 τε

161 2782 278 2842 ὕσταται
294 2784 405 2844 πολλόν
421 2785 625 2865 ἐξαναχθεῖσαι,
640 2788 688 2846 καί
704 2813 756 2850 κως
772 2787 899 2853 κατεῖδονι
912 2786 962 2848 τᾶς

163 2871 204 2930 ἐπ’
218 2871 384 2952 Ἀρτεμισίῳ
397 2877 452 2932 τῶν
464 2873 609 2950 Ἑλλήνων
622 2880 697 2950 νῆας,
710 2874 805 2943 ἔδοξάν
819 2901 849 2932 τε
864 2874 897 2950 δη
912 2873 962 2937 τός

161 2961 300 3036 σφετέρας
318 2960 386 3020 εἶναι
406 2964 432 3020 οἱ
445 2961 599 3038 βάρβαροι,
614 2963 660 3020 καὶ
678 2963 810 3024 πλέοντες
824 2964 961 3022 ἐσέπεσον

161 3052 189 3110 ές
208 3047 272 3110 τούς
291 3050 451 3125 πολεμίους·
479 3053 534 3108 τῶν
555 3048 723 3130 ἐστρατήγεε
744 3048 759 3107 ὁ
780 3048 835 3107 ἀπό
862 3049 962 3126 Κύμης

161 3139 211 3209 τῆς
233 3136 363 3198 Αἰολίδος
384 3135 508 3213 ὕπαρχος
530 3135 675 3209 Σανδώκης
693 3136 709 3194 ὁ
732 3136 890 3211 Θαμασίου·
911 3137 961 3196 τόν

162 3221 196 3296 δὴ
220 3221 355 3298 πρότερον
378 3222 481 3280 τούτων
504 3221 642 3296 βασιλεδς
666 3227 791 3298 Δαρεῖος,
820 3221 862 3280 ἐπ’
887 3225 960 3300 αἰτίη

162 3309 253 3382 τοιῇδε
273 3309 372 3382 λαβολν
392 3309 594 3379 οἶνεσταόρωσε,
620 3309 700 3366 ε’όντα
723 3315 776 3367 τῶν
800 3311 960 3383 βασιληίων
