2276 3538
189 155 233 208 1374
490 159 674 208 ‘HPOAOTOT
908 159 985 224 [VII.

185 239 306 314 Θρηίκης
323 237 440 318 ἀγίνεον,
457 239 483 295 οἱ
500 237 530 296 δὲ
547 242 574 299 ἐς
588 236 738 312 Τυρόδιζαν
757 238 810 314 τήν
825 241 986 316 Περινθίων,

185 329 211 384 οἱ
225 325 254 384 δέ
269 330 296 388 ἐς
310 325 460 401 Δορίσκον,
475 328 501 384 οἱ
515 325 545 383 δέ
558 330 586 387 ἐς
598 325 697 384 Ἠϊόνα
713 325 765 402 τήν
779 327 824 385 ἐπὶ
839 328 985 405 Στρυμόνι,

184 417 211 473 οἶ
232 414 263 472 δὲ
281 420 308 476 ἐς
327 414 502 489 Μακεδονίην
519 413 735 493 διατεταγμένοι.

137 505 175 562 26
225 501 274 562 Ἐν
286 507 325 582 τῷ
339 503 368 560 δὲ
382 499 458 561 οὗτοι
471 501 521 562 τόν
533 501 715 578 προκείμενον
728 499 815 562 πόνον
828 503 984 583 ἐργάζοντο,

184 591 317 671 ἐντούτῳ
339 589 355 650 ό
377 589 459 660 πεζός
480 588 554 653 εἶπας
572 589 799 670 συλλελεγμένος
819 589 877 666 ἅμα
895 593 985 672 Ξέρξη

185 680 331 757 ἐπορεύετο
356 684 384 742 ἐς
407 677 515 754 Σάρδις,
538 683 568 736 ἐκ
590 676 760 755 Κριτάλλων
780 676 911 754 ὁρμηθεὶς
931 685 986 739 τῶν

185 774 215 826 ἐν
237 767 436 843 Καππαδοκίῃ·
462 767 580 826 ἐνθαῦτα
600 765 655 846 γάρ
678 768 770 842 εἴρητο
792 767 985 846 συλλέγεσθαι

183 856 275 914 πάντα
294 855 344 914 τόν
365 853 423 912 κατ’
437 853 553 930 ἤπειρον
565 857 710 930 μέλλοντα
730 853 788 931 ἅμα
810 853 882 931 αύτῷ
895 857 985 935 Ξέρξη

183 941 352 1019 πορεύεσθαι
382 941 513 1018 στρατόν.
556 934 588 997 ἀς
614 943 666 1018 μέν
693 967 741 1001 νυν
770 946 825 1002 τῶν
855 943 985 1022 ὑπάρχων

185 1030 308 1106 στρατόν
330 1030 472 1090 κάλλιστα
495 1030 668 1106 ἐσταλμένον
689 1028 802 1111 ἀγαγὼν
822 1029 858 1090 τά
876 1033 985 1108 προκεί-

183 1145 254 1196 μενα
272 1119 349 1197 παρά
365 1120 511 1196 βασιλέος
523 1121 612 1195 ἔλαβε
632 1118 713 1195 δῶρα,
730 1117 780 1178 ούκ
796 1120 849 1197 ἔχω
864 1119 984 1196 φράσαι·

184 1207 247 1267 οὐδὲ
259 1208 314 1289 γάρ
327 1208 418 1286 ἀρχήν
432 1213 458 1270 ἐς
472 1209 564 1283 κρίσιν
577 1206 676 1265 τούτου
690 1207 753 1283 πέρι
767 1206 899 1269 ἐλθόντας
913 1208 983 1267 οἶδα·

184 1297 254 1356 οἶδὲ
269 1298 374 1356 ἐπείτε
395 1296 542 1371 διαβάντες
562 1294 612 1354 τάν
625 1294 716 1354 Ἀλυν
734 1294 862 1371 ποταμόν
880 1295 983 1372 ὦμίλη-

185 1411 240 1445 σαν
260 1390 296 1463 τῇ
312 1387 426 1466 Φρυγίῃ,
445 1383 477 1442 δι’
492 1383 577 1458 αὐτῆς
597 1382 778 1460 πορευόμενοι
799 1385 985 1464 παρεγένοντο

185 1479 211 1536 ἐς
226 1474 374 1536 Κελαινάς·
390 1474 433 1532 ἵνα
447 1473 535 1553 πηγαὶ
548 1471 886 1546 ἀναδιδοῦσι-Μαιάνδρου
900 1499 985 1532 ποτα·

182 1565 245 1638 μοῦ,
269 1561 315 1618 καὶ
339 1562 432 1637 ἐτέρου
456 1559 505 1618 ούκ
530 1559 688 1623 ἐλάσσονος
711 1557 729 1635 ἢ
753 1560 923 1637 Μαιάνδρου,
946 1565 985 1640 τῷ

129 1641 131 1648 ,
184 1647 289 1724 οὔνομα
309 1647 440 1728 τυγχάνει
461 1648 506 1708 ἐόν
520 1647 730 1725 Καταρρήκτης,
745 1647 775 1710 ὃς
789 1649 820 1717 ἐξ
833 1647 918 1723 αύτῆς
934 1653 986 1724 τῆς

183 1735 288 1816 ἀγορῆς
300 1740 350 1809 τῆς
364 1737 522 1796 Κελαινέων
536 1735 705 1805 ἀνατέλλων,
719 1742 746 1798 ἐς
758 1735 808 1795 τόν
822 1737 985 1814 Μαίανδρον

184 1823 293 1882 ἐκδιδοῖ·
316 1829 345 1882 ἐν
358 1828 393 1902 τῇ
408 1825 453 1882 καὶ
467 1823 482 1883 ὁ
496 1828 546 1883 τοῦ
561 1826 682 1898 Σιληνοῦ
696 1824 837 1900 Μαρσύεω
851 1823 939 1886 ἀσκός
955 1829 985 1884 ἐν

184 1915 219 1990 τῇ
240 1911 309 1971 πόλι
331 1911 526 1989 ἀνακρέμαται,
543 1912 592 1972 τάν
610 1911 665 1971 ύπά
686 1916 802 1992 Φρυγῶν
823 1911 909 1992 λόγος
927 1913 985 1990 ἔχει

137 1999 236 2061 27ύπά
259 1999 440 2063 ’Λπόλλωνος
464 2001 611 2077 ἐκδαρέντα
638 1999 891 2077 ἀνακρεμασθῆναι.
935 1999 985 2059 Ἐν

183 2089 270 2168 ταύτῃ
283 2117 318 2168 τη
332 2089 400 2149 πόλι
413 2085 623 2166 ύποκατήμενος
637 2087 744 2151 Πύθιος
757 2087 772 2148 ό
789 2086 898 2157 Ἄτυος,
914 2086 984 2164 ἀνήρ

184 2178 281 2248 Λυδός,
296 2179 411 2247 ἐξείνισε
424 2179 475 2253 τήν
488 2177 627 2254 βασιλέος
641 2173 781 2252 στρατιήν
792 2179 889 2236 πᾶσαν
905 2176 984 2245 ξεινί-

185 2293 243 2325 οισι
261 2267 423 2348 μεγίστοισι
445 2266 490 2323 καὶ
510 2263 594 2324 αύτόν
607 2264 721 2339 Ξέρξεα,
735 2263 867 2343 χρήματά
888 2289 919 2322 τε
937 2269 983 2322 ἐπ-

185 2356 341 2434 αγγέλλετο
364 2352 539 2429 βουλόμενος
563 2357 590 2414 ἐς
613 2351 663 2410 τόν
689 2350 815 2429 πόλεμον
841 2352 983 2429 παρέχειν·

185 2443 432 2522 ἐπαγγελλομένου
452 2441 482 2498 δὲ
499 2439 631 2518 χρήματα
645 2440 762 2510 Πυθίου,
778 2441 865 2516 εἴρετο
879 2439 985 2515 Ξέρξης

186 2530 320 2604 Περσέων
339 2528 403 2590 τούς
420 2527 581 2604 παρεόντας,
595 2528 637 2590 τίς
650 2553 680 2586 τε
695 2528 745 2587 ε’ἀν
758 2527 862 2604 ἀνδρῶν
877 2526 985 2590 Πύθιος

185 2617 230 2674 καὶ
245 2615 317 2675 κόσα
331 2615 462 2694 χρήματα
479 2613 642 2691 κεκτημένος
656 2616 861 2696 ἐπαγγέλλοιτο
878 2619 983 2684 ταῦτα;

188 2707 214 2763 οἱ
237 2704 266 2762 δὲ
288 2704 379 2764 εἶπαν·
408 2703 455 2763 “ὧ
476 2707 609 2781 βασιλεῦ,
634 2701 714 2767 οὗτός
736 2710 797 2763 ἐστι
818 2703 849 2766 ὅς
869 2728 913 2762 τοι
935 2703 986 2762 τόν

186 2793 293 2870 πατέρα
307 2797 426 2870 Δαρεῖον
442 2792 600 2870 ἐδωρήσατο
614 2795 649 2870 τῇ
663 2793 843 2870 πλατανίστῳ
863 2796 899 2868 τῇ
919 2815 985 2868 χρυ-

187 2882 238 2958 σέῃ
253 2881 297 2939 καὶ
311 2907 346 2960 τη
360 2880 485 2959 ἀμπέλῳ·
507 2879 538 2944 ὃς
551 2881 597 2938 καὶ
610 2885 658 2940 νῦν
671 2885 732 2938 ἐστι
752 2884 860 2955 πρῶτος
881 2877 985 2953 ἀνθρώ·

138 2971 176 3027 28
187 2995 245 3028 πων
258 2969 377 3048 πλούτῳ,
393 2973 447 3028 τῶν
460 2969 539 3043 ἡμεῖς
553 2967 637 3042 ἴδμεν,
652 2967 723 3043 μετά
743 2967 803 3026 σέ.”
844 2965 986 3043 Θωμάσας

187 3057 216 3116 δὲ
234 3062 288 3117 τῶν
307 3058 392 3115 ἐπέων
412 3056 444 3115 τό
465 3058 624 3113 τελευταῖον
638 3055 752 3131 Ξέρξης,
769 3054 852 3117 αύτός
872 3053 986 3130 δεύτερα

187 3146 274 3220 εἴρετο
293 3145 401 3204 Πύθιον
425 3142 515 3202 ὁκόσα
539 3145 564 3199 οἱ
589 3143 630 3217 εἴη
650 3143 799 3220 χρήματα,
824 3142 840 3202 ὁ
863 3142 893 3200 δέ
916 3142 985 3200 εἶπε·

186 3232 233 3290 “ὦ
246 3235 380 3308 βασιλεύ,
394 3229 457 3290 οὔτε
478 3255 513 3288 σε
533 3228 686 3307 ἀποκρύψω
707 3229 770 3288 οὔτε
789 3231 938 3306 σκήψομαι
953 3230 986 3289 τό

184 3321 223 3394 μή
245 3319 343 3378 εἰδέναι
360 3317 411 3392 τὴν
430 3319 565 3392 ἐμεωυτοῦ
586 3316 692 3391 ούσίην,
714 3316 779 3374 ἀλλ’
800 3316 987 3391 ἐπιστάμενός
