2262 3534
168 151 215 200 ατο
475 151 657 198 Ἥνοιουου
906 150 967 214 [ικ.

168 233 203 306 ειίἸ
215 232 395 308 ἐστρωμένας,
412 232 457 290 καὶ
474 233 611 309 τραπέζας
631 257 662 290 τε
682 230 804 309 χρυσέας
824 231 870 290 καὶ
885 229 970 313 ὀργυ-

167 321 240 399 ρέας,
266 321 311 378 καὶ
337 321 517 397 παρασκευὴν
537 320 755 402 μεγαλοπρεπέα
776 324 826 378 τοῦ
848 319 972 391 δείπνου,

167 409 342 490 ἐκπλαγέντα
371 408 406 467 τά
435 411 601 486 προκείμενα
634 407 734 488 άγαθᾶ,
765 412 906 484 κελεῦσαιΙ
923 410 972 467 ἐπὶ

166 498 269 579 γέλωτι
286 497 350 560 τούς
369 500 469 555 ἐωυτοῦ
487 496 629 572 διηκόνους
645 494 859 572 παρασκευάσαι
872 502 971 555 Λακω·

166 585 372 646 νικόνδεῖπνον
386 584 420 648 ὦς
434 584 463 643 δέ
470 590 521 660 τῆς
530 585 622 659 θοίνης
635 584 799 660 ποιηθείσης
810 583 845 659 ἦν
858 585 973 644 πολλόν

166 674 199 733 τό
213 674 310 750 μέσον,
320 672 370 733 τόν
379 673 546 747 Παυσανίην
555 672 717 752 γελάσαντα
730 673 970 750 μεταπέμψασθαι

166 765 222 820 τῶν
246 759 391 834 Ἑλλήνων
416 759 483 821 τούς
508 759 692 838 στρατηγούς·
726 758 917 818 συνελθόντων
940 760 972 818 δέ

167 849 293 916 τουτέων,
305 851 391 905 εἰπεῖν
403 846 452 906 τόν
467 848 639 922 Παυσανίην,
651 846 791 905 δεικνύντα
802 852 831 910 ἐς
840 848 973 925 ἑκατέρην

166 940 216 994 τοῦ
243 935 355 994 δείπνου
375 934 434 1017 ,τὴν
458 934 649 1012 παρασκευήν·
678 933 799 1011 “άι’δρες
821 933 971 1010 Ἕλληνες,

166 1024 252 1083 τῶνδε
266 1024 355 1082 εἵνεκα
369 1022 421 1103 ἐγω
434 1022 520 1099 ὑμέας
533 1021 701 1103 συνήγαγον,
716 1022 891 1098 βουλόμενος
904 1023 973 1099 ὑμῖν

167 1113 249 1171 τοῦδε
267 1115 318 1170 τοῦ
339 1111 446 1186 Μήδων
463 1110 600 1192 ἡγεμόνος
618 1111 670 1185 τὴν
690 1109 855 1186 ἀφροσύνην
872 1111 970 1180 δεῖξαι·

168 1197 198 1263 ὃς
211 1200 318 1276 τοιήνδε
332 1200 438 1258 δίαιταν
453 1201 529 1276 ἔχων,
544 1197 615 1273 ἦλθε
629 1203 659 1261 ἐς
669 1197 760 1273 ἡμέας
774 1197 844 1257 οὕτω
858 1197 972 1276 ὀϊζυρὴν

126 1319 130 1324 ·
169 1289 283 1367 ἔχοντας
314 1285 563 1362 άπαιρησόμενος·”
599 1291 687 1344 ταῦτα
718 1289 772 1360 μὲν
804 1290 971 1364 Παυσανίην

168 1377 280 1458 λέγεται
295 1380 380 1434 εἰπεῖν
393 1375 463 1452 πρός
478 1373 543 1437 τούς
560 1373 734 1455 στρατηγοός
746 1378 804 1434 τῶν
814 1373 968 1455 Ἑλλήνων.

120 1463 291 1542 83Ὺστέρῳ
313 1465 409 1540 μέντοι
430 1462 521 1542 χρόνῳ
541 1460 614 1538 μετά
638 1466 726 1521 ταῦτα
747 1463 793 1544 καὶΙ
813 1467 870 1522 τῶν
890 1469 968 1522 Πλα-

167 1553 264 1610 ταιέων
279 1549 358 1629 εὗρον
375 1551 475 1629 συχνοὶ
494 1549 580 1625 θήκας
598 1553 705 1628 χρυσοῦ
725 1551 771 1608 καὶ
788 1550 909 1631 άργάρου
923 1555 971 1611 καὶ

167 1643 224 1699 τῶν
236 1638 334 1696 ἄλλων
348 1637 507 1716 χρημάτων.
550 1637 639 1713 ἐφάνη
658 1638 687 1695 δέ
707 1639 752 1696 καὶ
769 1637 833 1697 τάδε
851 1638 972 1716 ὕστερον

168 1727 208 1785 ἐτι
220 1726 331 1795 τούτων,
345 1731 402 1785 τῶν
415 1729 517 1801 νεκρῶν
535 1727 777 1802 περιψιλωθέντων
788 1726 837 1789 τοὶς
851 1727 969 1804 σάρκας·

169 1813 342 1891 συνεφόρεον
370 1814 424 1893 γάρ
451 1813 487 1871 τά
515 1811 601 1872 ὀστέα
632 1817 659 1872 οἱ
685 1815 841 1877 Πλαταιέες
868 1820 895 1878 ἐς
922 1817 971 1876 ἕνα

168 1907 270 1982 χῶρον·
291 1901 389 1979 εὖρέθη
408 1901 520 1980 κεφαλή
534 1901 585 1959 οὐκ
602 1904 707 1980 ἔχουσα
723 1902 818 1979 ῥαφψν
832 1903 970 1979 οὐδεμίαν,

169 1991 246 2050 ἀλλὰ
267 1991 298 2060 ἐξ
319 1991 377 2054 ἐνός
399 1995 485 2049 ἐοῦσα
504 1989 616 2049 ὀστέου·
643 1991 734 2066 ἐφάνη
753 1990 785 2048 δέ
802 1991 847 2048 καὶ
867 1991 970 2071 γνάθος

169 2080 214 2138 καὶ
227 2080 260 2140 τό
279 2078 333 2138 άνω
349 2084 399 2154 τῆς
414 2079 525 2158 γνάθου,
544 2079 649 2157 ἔχουσα
667 2077 780 2140 ὀδόντας
795 2079 970 2154 μουνοφυέας

169 2169 200 2238 ἐξ
225 2168 284 2231 ἔνός
306 2167 408 2227 ὀστέου
428 2167 540 2239 πάντας,
563 2166 629 2229 τούς
650 2192 683 2225 τε
702 2164 815 2228 ὀδόντας
837 2166 882 2224 καὶ
904 2166 968 2228 τοός

169 2259 318 2337 γομφίους·
340 2257 385 2313 καὶ
399 2254 591 2332 πενταπήχεος
603 2252 705 2330 οἶνδρός
716 2252 802 2312 ὀστέα
816 2253 914 2330 ἐφάνη.

122 2346 160 2404 84
209 2343 293 2402 Ἐπεί
311 2353 342 2402 τε
363 2343 394 2401 δέ
412 2342 575 2418 Μαρδονίου
593 2342 706 2419 δευτέρῃ
726 2341 818 2420 ἡμέρῃ
838 2341 854 2401 ὀ
875 2343 971 2419 νεκρός

169 2431 319 2508 ἠφάνιστο·
341 2430 386 2488 ὑπ’
400 2429 465 2489 ὅτευ
482 2431 535 2505 μὲν
554 2429 713 2506 ἀνθρώπων,
734 2429 768 2488 τό
789 2429 900 2507 άτρεκές
920 2431 972 2491 οὐκ

170 2521 223 2598 ἔχω
243 2524 336 2578 εἰπεῖν’
357 2517 484 2579 πολλοός
504 2517 537 2576 δέ
550 2543 626 2580 τινας
646 2515 701 2594 ἤδη
719 2518 764 2576 καὶ
777 2517 974 2582 παντοδαποός

169 2607 277 2682 η”κουσα
301 2605 390 2682 θάψαι
413 2604 580 2684 Μαρδόνιον,
606 2606 651 2664 καὶ
675 2605 749 2682 δῶρα
771 2605 885 2686 μεγάλα
909 2607 973 2666 οἶδα

169 2694 314 2770 λαβόντας
327 2692 454 2756 πολλοός
474 2693 550 2770 παρό
566 2693 719 2772 Ἀρτόντεω
739 2697 791 2753 τοῦ
810 2695 973 2770 Μαρδονίου

169 2781 268 2844 παιδός
285 2781 330 2840 διά
347 2785 430 2840 τοῦτο
447 2781 481 2841 τό
501 2783 590 2862 ἔργον.
632 2781 710 2843 ὅστις
723 2782 818 2857 μέντοι
834 2781 870 2856 ἦν
882 2782 974 2842 αὐτῶν

170 2869 185 2930 ὀ
199 2869 370 2946 ὑπελόμενός
379 2895 410 2929 τε
420 2871 465 2928 καὶ
475 2870 566 2947 θάψας
575 2870 625 2929 τόν
634 2870 732 2946 νεκρόν
741 2870 791 2928 τόν
801 2871 972 2946 Μαρδονίου,

170 2958 203 3017 οὗ
224 2957 342 3034 δύναμαι
362 2957 494 3034 άτρεκέως
514 2957 665 3016 πυθέσθαι·
685 2958 742 3036 ἔχει
759 2958 789 3016 δέ
804 2984 865 3016 τινα
887 2957 973 3032 φάτιν

170 3047 216 3104 καὶ
229 3045 452 3121 Διονυσοφάνης,
463 3043 534 3119 άιηψρ
546 3044 687 3118 Ἐφέσιος,
703 3044 791 3119 θάψαι
802 3045 971 3121 Μαρδόνιον.

123 3135 160 3192 85
170 3132 236 3192 ἀλλ’
252 3132 333 3208 ὀμέν
348 3131 442 3208 τρόπῳ
460 3129 575 3208 τοιούτῳ
590 3131 691 3206 ἐτάφη.
733 3136 771 3190 Οἱ
788 3132 817 3190 δέ
831 3131 973 3206 Ἓλληνες

171 3219 206 3282 ὥς
219 3225 248 3278 ἐν
265 3221 431 3294 Πλαταιῇσι
446 3216 498 3290 τήν
514 3217 598 3291 ληίην
613 3217 757 3292 διείλοντο,
774 3219 894 3278 ἔθαπτον
907 3220 973 3281 τοῦς

171 3310 277 3366 ἑωυτῶν
299 3306 382 3382 χωρὶς
405 3302 524 3362 ἕκαστοι.
567 3305 781 3379 Λακεδαιμόνιοι
802 3308 855 3381 μὲν
877 3307 973 3382 τριξὰς
