2262 3534
164 175 273 240 43-46]
477 176 665 226 ΚΔΛΛῙΟΠΗ.
918 177 970 225 8⁶3·

164 257 315 328 τηνικαῦτα
327 256 511 332 προσελάσας
525 256 598 334 ἵππῳ
616 255 686 332 πρδς
703 255 753 318 τάς
769 254 898 329 φυλακάς
914 253 966 318 τὰς’

166 341 318 416 Ἀθηναίων
338 341 522 419 Ἀλέξανδρος
545 343 561 404 ό
585 343 731 418 Ἀμύντεω,
757 341 915 422 στρατηγός
935 368 966 402 τε

167 427 217 487 εἰδν
230 430 275 487 καὶ
287 430 427 506 βασιλεῦς
440 431 616 499 Μακεδόνων,
631 431 737 504 ἐδίζητο
753 433 830 488 τοῖσι
848 455 966 504 στρατη-

168 519 244 595 γοῖσι
268 522 295 580 ἐς
317 518 420 599 λόγους
442 519 543 579 ἐλθεῖν·
577 523 631 578 ταῖν
654 518 683 576 δὲ
705 517 838 592 φυλάκων
864 520 891 576 οἶ
916 519 968 593 μὲν

166 607 282 668 πλεῦνες
294 607 457 682 παρέμενον,
473 609 499 666 οἱ
512 605 534 665 δ’
553 607 629 666 ἔθεον
643 605 689 665 ἐπὶ
702 605 766 669 τούς
782 604 967 686 στρατηγούς·

167 689 295 755 ἐλθόντες
312 693 342 751 δὲ
361 694 465 774 ἔλεγον,
481 693 517 757 οῖς
537 692 680 771 ἅνθρωπος
699 691 763 766 ἥκοι
778 691 820 751 ἐπ’
835 693 920 751 ἵππου
937 696 967 750 ἐκ

166 783 217 837 τοῦ
240 781 430 856 στρατοπέδου
453 786 504 841 τοῦ
527 781 640 858 Μήδων,
668 777 698 842 ὃς
719 778 793 839 άλλο
814 783 866 856 μὲν
889 779 968 839 οὐδὲν

165 872 345 948 παραγυμνοῖ
361 871 433 942 ἔπος,
453 869 628 950 στρατηγούς
645 869 674 928 δὲ
695 867 844 945 ὀνομάζων,
862 868 968 927 ἐθέλειν

165 956 240 1029 φησὶ
253 961 281 1018 ἐς
294 956 396 1037 λόγους
410 958 510 1018 ἐλθεῖν.
553 961 590 1016 Οἱ
608 957 638 1016 δὲ
652 957 711 1016 ἐπεὶ
729 959 818 1014 ταῦτα
831 953 965 1029 ἥκουσαν,
975 958 1017 1016 45

166 1041 264 1100 αὐτίκα
291 1045 402 1105 εἵποντο
427 1050 455 1108 ἐς
475 1046 525 1109 τὰς
549 1044 687 1120 φυλακάς·
722 1042 917 1118 ἀπικομένοισι
938 1043 967 1102 δέ

165 1129 245 1210 ἔλεγε
266 1130 449 1210 Ἀλέξανδρος
466 1133 540 1192 τάδε·
569 1131 690 1210 ι’άνδρες
707 1131 858 1204 Ἀθηναῖοι,
879 1156 967 1208 παρα-

166 1216 254 1293 θήκην
269 1218 335 1295 ὖμῖν
352 1220 388 1279 τά
407 1221 474 1278 ἐπεα
491 1221 557 1280 τάδε
575 1221 694 1296 τίθεμαι,
714 1217 859 1295 άπόρρητα
874 1217 967 1278 ποιεό-
1011 1251 1014 1257 ’

165 1330 248 1380 μενος
260 1306 332 1382 πρός
344 1307 449 1384 μηδένα
462 1309 555 1389 λέγειν
565 1307 650 1383 ὑμέας
663 1303 782 1382 άλλονή
793 1307 966 1382 Παυσανίην,

165 1392 206 1469 μή
227 1419 263 1470 με
286 1395 331 1452 καὶ
355 1395 542 1472 διαφθείρητε·
570 1394 602 1454 οὐ
623 1394 678 1476 γάρ
699 1391 733 1454 ἂν
755 1395 860 1473 ἔλεγον,
884 1397 907 1452 εἰ
927 1393 968 1471 μή

165 1480 293 1562 μεγάλως
312 1481 449 1559 ἐκηδόμην
468 1483 633 1559 συναπάσης
648 1486 699 1558 τῆς
717 1481 865 1544 Ἑλλάδος·
887 1480 969 1545 αὐτός

162 1593 196 1626 τε
208 1570 263 1649 γάρ
272 1569 384 1645 ΙΈλλην
397 1572 477 1652 γένος
493 1572 549 1646 εἰμὶ
565 1570 712 1649 τώρχαῖον,
727 1569 772 1628 καὶ
788 1568 846 1629 ἀντ’
860 1571 968 1630 ἐλευθέ-

164 1682 215 1732 ρης
228 1657 434 1735 δεδουλωμένην
444 1658 493 1718 οόκ
507 1657 541 1718 (ἐν
555 1659 679 1736 ἐθέλοιμι
692 1657 760 1736 ὁρᾶν
770 1657 821 1733 τήν
831 1657 968 1718 Ἑλλάδα·

165 1744 239 1825 λέγω
260 1745 290 1804 δὲ
311 1745 355 1815 ὧν,
378 1745 422 1806 ὅτι
443 1746 592 1827 Μαρδονίῳ
613 1772 644 1806 τε
665 1748 712 1806 καὶ
731 1751 767 1826 τῇ
791 1750 910 1824 στρατιῇ
931 1745 967 1806 τά

166 1831 278 1915 σφάγια
291 1833 324 1892 οὗ
342 1833 455 1894 δόναται
474 1836 630 1911 καταθύμια
647 1836 789 1915 γενέσθαι·
810 1833 900 1894 πάλαι
913 1833 967 1914 γάρ

166 1917 200 1979 άν
214 1921 363 2000 ἐμάχεσθε·
385 1927 434 1982 νῦν
447 1923 478 1981 δέ
498 1925 525 1981 οἱ
538 1922 663 1980 δέδοκται
677 1921 712 1980 τά
727 1924 778 1999 μέν
795 1921 907 2001 σφάγια
920 1926 968 1981 ἐάν

166 2009 280 2086 χαίρειν,
308 2008 366 2084 ἅμα
393 2009 483 2086 ήμέρη
510 2009 539 2067 δέ
572 2007 787 2085 διαφαυσκοόση
815 2007 968 2083 συμβολήν

166 2097 322 2156 ποιέεσθαι·
350 2095 543 2173 καταρρώδηκε
562 2095 617 2176 γάρ
641 2095 680 2171 μή
704 2098 820 2156 πλεῦνες
845 2097 967 2172 συλλεχ-

167 2183 242 2258 θῆτε,
256 2183 292 2246 ὦς
305 2183 359 2263 ἐγω
370 2183 476 2254 εἰκάζω.
510 2183 580 2260 πρός
589 2187 676 2241 ταῦτα
690 2181 879 2257 ἑτοιμάζεσθε·
893 2179 927 2257 ἢν
937 2183 967 2241 δέ

167 2269 221 2347 άρα
234 2269 430 2348 ὑπερβάληται
444 2270 496 2348 τήν
512 2269 667 2347 συμβολήν
689 2269 854 2346 Μαρδόνιος,
870 2269 915 2328 καὶ
927 2269 968 2346 μή

166 2362 287 2434 ποιῆται,
312 2359 458 2436 λιπαρέετε
476 2359 613 2437 μένοντες·
634 2357 737 2439 ὀλίγων
753 2355 808 2438 γάρ
827 2363 883 2432 σφι
901 2356 968 2433 ήμε·

166 2446 236 2524 ρέων
262 2446 388 2506 λείπεται
412 2449 495 2507 σιτία
540 2445 574 2522 ήν
597 2445 627 2505 δὲ
649 2445 716 2522 ύμῖν
739 2444 755 2505 ό
777 2444 902 2521 πόλεμος
922 2443 967 2505 ὅδε

167 2534 238 2594 κατά
251 2533 316 2595 νόον
333 2535 498 2615 τελευτήσῃ,
516 2535 679 2612 μνησθῆναί
692 2559 753 2594 τινα
770 2532 826 2612 χρή
843 2533 889 2591 καὶ
902 2537 967 2610 ἐμεῦ

168 2622 365 2699 ἐλευθερώσιος
385 2623 457 2700 πέρι,
471 2622 502 2687 ὃς
521 2621 666 2698 Ἑλλήνων
686 2622 775 2681 εἵνεκα
795 2619 866 2679 οὕτω
886 2622 967 2701 ἔργον

168 2709 335 2788 παράβολον
355 2712 495 2791 ἔργασμαι
514 2709 569 2770 ὖπδ
596 2711 759 2786 προθυμίης,
780 2709 883 2769 ἐθέλων
901 2707 967 2785 ύμῖν

167 2797 294 2874 δηλῶσαι
314 2799 366 2873 τήν
384 2798 505 2858 διάνοιαν
525 2797 577 2872 τήν
592 2798 761 2874 Μαρδονίου,
781 2797 826 2856 ίνα
846 2796 887 2872 μή
908 2800 965 2855 ἐπι-

167 2887 277 2946 πέσωσι
296 2886 361 2965 άμῖν
380 2890 406 2946 οἱ
422 2887 568 2963 βάρβαροι
587 2885 627 2961 μή
648 2883 901 2962 προσδεκομένοισί
919 2909 966 2940 κω.

168 2974 223 3050 εἶμὶ
250 2973 280 3034 δὲ
304 2973 487 3049 Ἀλέξανδρος
513 2973 529 3033 ὁ
556 2971 719 3032 Μακεδάν.”
760 2969 776 3030 ά
806 2971 858 3046 μὲν
879 2973 967 3029 ταῦτα

169 3061 247 3124 εἶπας
263 3060 407 3138 α’πήλαυνε
427 3061 519 3121 ὀπίσω
538 3065 565 3124 ἐς
584 3059 618 3121 τά
638 3057 827 3137 στρατόπεδον
848 3057 893 3115 καὶ
916 3055 966 3132 τήν

168 3153 270 3209 ἐωυτοῦ
282 3149 371 3220 τάξιν.

210 3241 247 3297 Οί
260 3237 290 3296 δέ
308 3239 462 3319 στρατηγοὶ
479 3241 534 3298 τῶν
550 3235 712 3312 Ἀθηναίων,
727 3232 854 3296 ἐλθόντες
871 3233 916 3291 ἐπὶ
933 3232 966 3293 τά
976 3234 1016 3295 46

169 3325 258 3397 δεξιάν
291 3327 380 3404 κέρας,
414 3327 511 3406 ἔλεγον
545 3323 695 3401 Παυσανίῃ
725 3320 812 3397 τάπερ
843 3319 968 3396 ήκουσαν

1069 3407 1122 3484 Δ
