2268 3536
160 175 268 240 16-21]
509 173 620 220 ιινιυα
930 170 960 216 6⁵

162 256 191 314 δὲ
209 253 385 332 παρενθήκην
404 253 507 332 ἔχρησε
528 257 556 314 ἐς
573 249 743 326 Μιλησίους.
783 247 817 309 τό
838 247 890 325 μέν
911 272 960 308 νυν

162 348 189 405 ἐς
209 342 274 404 τούς
289 341 432 423 Ἀργείους
452 343 524 419 ἔχον,
542 339 625 400 ε’πεαὶν
646 337 716 397 καταὶ
735 340 819 398 τοῦτο
840 337 961 417 γένωμαι

165 435 211 491 τοῦ
229 430 317 511 λόγου
330 430 393 490 τότε
406 429 619 506 μνησθήσομαι·
640 426 676 486 τά
696 426 726 485 δὲ
745 429 822 486 τοῖσι
835 423 960 500 Μιλησί-

162 545 221 579 οισι
241 517 273 578 οὕ
294 523 431 595 παρεοῦσι
453 519 557 596 ἔχρησε
578 518 636 595 ἔχει
656 513 718 574 ὦδε·

275 679 325 726 Καί
336 679 393 726 τότε
404 679 439 736 δή,
455 678 558 736 Μίλητε,
572 678 650 724 κακῶν
662 676 796 735 ἐπιμήχανε
807 674 890 735 ἔργων,

276 753 389 799 πολλοῖσι
401 751 494 798 δεῖπνόν
505 767 533 796 τε
545 751 584 796 καὶ
596 750 680 808 ἀγλαὰ
692 749 755 809 δῶρα
766 747 872 807 γενήσει·

275 825 317 873 σαί
328 823 349 870 δ’
360 823 446 882 οἶλοχοι
458 822 571 870 πολλοῖσι
583 823 658 868 πόδας
668 822 763 882 νίψουσι
775 819 897 876 κομήταις

275 897 331 955 νηοῦ
342 894 363 943 δ’
372 895 487 956 ἡμετέρου
499 896 607 952 Διδύμοις
619 894 716 940 ἄλλοισι
727 893 834 949 μελήσει.

148 1034 225 1116 ἱτότε
249 1037 283 1111 δὴ
305 1041 393 1096 ταῦτα
413 1035 479 1098 τούς
500 1035 662 1108 Μιλησίους
687 1032 891 1109 κατελάμβανε,
915 1030 961 1090 &rt

162 1147 196 1201 γε
214 1121 309 1198 ἄνδρες
326 1127 377 1198 μὲν
398 1126 425 1181 οἱ
444 1127 562 1184 πλεῦνες
578 1121 729 1181 ἐκτείνοντο
746 1120 801 1179 ὑπό
821 1124 875 1184 ,τῶν
889 1124 962 1195 Περ-

163 1209 236 1268 σέων
250 1209 348 1268 ἐόντων
362 1210 511 1286 κομητέων,
524 1213 650 1288 γυναῖκες
666 1209 695 1266 δὲ
713 1209 759 1266 καὶ
774 1208 856 1266 τέκνα
872 1211 900 1265 έν
917 1205 963 1266 άν-

165 1297 308 1373 δραπόδων
326 1297 403 1378 λόγῳ
424 1297 556 1376 ἐγίνοντο·
580 1295 639 1370 ἱρόν
659 1297 688 1353 δὲ
708 1295 741 1354 τό
758 1300 786 1354 έν
803 1293 962 1370 Διδύμοισι,

164 1385 180 1444 ὁ
204 1385 267 1461 νηός
291 1411 321 1445 τε
346 1387 391 1444 καὶ
413 1383 447 1444 τό
470 1383 650 1463 χρηστήριον,
673 1384 832 1459 συληθέντα
856 1383 961 1458 ἐνεπίμ-

164 1500 264 1552 πρατο.
304 1474 395 1535 τῶνδ’
409 1479 438 1534 ἒν
450 1477 488 1551 τῷ
503 1476 551 1551 ἱρῷ
563 1472 650 1551 τούτῳ
663 1472 812 1551 χρημάτων
824 1469 962 1534 πολλάκις

164 1563 275 1640 μνήμην
289 1564 399 1640 ἑτέρωθι
416 1566 466 1622 τοῦ
486 1560 575 1642 λόγου
594 1561 777 1638 ἐποιησάμην.
819 1559 961 1620 Ἐνθεῦτεν
971 1562 1008 1618 20

166 1654 192 1710 οἱ
215 1652 398 1732 ζωγρηθέντες
423 1655 478 1711 τῶν
503 1651 653 1726 Μιλησίων
673 1649 775 1730 ήγοντο
803 1656 829 1713 ές
854 1651 960 1710 Σοῦσα.

165 1739 303 1814 βασιλευς
316 1739 347 1798 δέ
359 1746 450 1816 σφεας
464 1742 582 1815 Δαρεῖος
596 1739 681 1800 κακόν
695 1737 773 1798 οὐδὲν
794 1737 866 1798 ἄλλο
883 1735 962 1812 ποιή-

165 1853 218 1890 σας
236 1828 377 1888 κατοίκισε
397 1829 442 1886 ε’πὶ
463 1855 497 1906 τῃ
511 1827 633 1906 Ἐρυθρῇ
647 1829 802 1905 καλεομένη
817 1826 960 1904 θαλάσση,

164 1915 300 1994 ε’νἊμπῃ
321 1915 398 1987 πόλι,
412 1915 477 1992 παρ’
491 1915 526 1991 ἣν
539 1916 641 1996 Τίγρης
655 1915 780 1992 ποταμός
800 1913 962 1990 παραρρέων

166 2008 193 2066 ές
210 2003 361 2064 θάλασσαν
379 2005 452 2074 ἐξίει.
494 2008 543 2079 τῆς
561 2004 590 2062 δὲ
608 2004 752 2079 Μιλησίης
773 2001 864 2080 χιόρης
884 2000 961 2059 αὐτοὶ

166 2094 215 2169 μὲν
234 2095 260 2150 οἱ
273 2093 384 2167 Πέρσαι
405 2093 482 2170 εἶχον
501 2091 537 2150 τά
558 2093 621 2167 περὶ
642 2091 693 2165 τήν
711 2091 796 2149 πόλιν
811 2091 856 2148 καὶ
868 2088 901 2147 τό
914 2113 961 2146 πε-

165 2178 231 2249 δίον,
254 2179 289 2239 τά
314 2179 344 2240 δὲ
370 2179 523 2256 ὑπεράκρια
550 2179 651 2237 ἔδοσαν
675 2178 772 2254 Καρσὶ
795 2176 962 2251 Πηδασεῦσι

164 2268 305 2342 ε’κτῆσθοι.

205 2358 336 2416 Παθοΰσι
349 2357 378 2415 δὲ
391 2360 478 2415 ταῦτα
491 2355 664 2429 Μιλησίοισι
682 2351 753 2430 πρός
766 2353 900 2429 Περσέων
913 2351 962 2412 οὐκ
971 2355 1006 2412 21

164 2442 305 2504 ἀπέδοσαν
328 2445 380 2519 τήν
404 2442 503 2519 ὁμοίην
528 2444 693 2519 Συβαρῖται,
718 2441 744 2500 οἳ
768 2441 845 2500 Λάον
864 2468 895 2502 τε
916 2441 961 2500 καὶ

164 2533 280 2609 Σκίδρον
290 2534 380 2592 οἴκεον
393 2536 448 2606 τῆς·
455 2531 554 2592 πόλιος
564 2531 794 2607 α’πεστερημένοι.
820 2530 961 2607 Συβάριος

162 2619 217 2702 γάρ
236 2621 362 2698 άλοάσης
382 2621 436 2680 ὑπό
459 2622 679 2696 Κροτωνιητέων,
703 2620 844 2695 Μιλήσιοι
862 2619 961 2682 πάντες

162 2709 271 2785 ἡβηδόν
292 2710 471 2786 α’πεκείραντο
491 2709 540 2772 τός
561 2709 687 2784 κεφαλάς
706 2710 751 2767 καὶ
768 2710 868 2772 πένθος
888 2710 961 2789 μέγα

161 2798 362 2874 προεθήκαντο·
390 2798 486 2860 πόλιες
509 2799 562 2877 γάρ
588 2796 668 2858 αὗται
692 2798 819 2874 μάλιστα
847 2797 880 2874 δή
908 2801 961 2856 τῶν

161 2885 242 2961 ἡμεῖς
262 2887 339 2964 ἴδμεν
359 2885 507 2965 ἀλλήλῃσι
529 2887 720 2962 ἐξεινώθησαν.
764 2887 842 2947 οὐδὲν
860 2885 961 2962 ὁμοίως

162 2975 208 3032 καὶ
224 2973 377 3052 Ἀθηναῖοι.
419 2973 563 3050 Ἀθηναῖοι
579 2977 630 3051 μὲν
648 2976 702 3055 γάρ
720 2976 807 3051 δήλον
826 2976 962 3048 ε’ποίησαν

161 3059 416 3142 θπεραχθεσθέντες
435 3067 471 3142 τῇ
492 3063 623 3138 Μιλήτου
643 3064 758 3132 άλῶσει,
779 3067 814 3140 τῇ
834 3087 865 3120 τε
885 3059 960 3138 ἄλλῃ

161 3154 305 3229 πολλαχῆ,
320 3152 365 3210 καὶ
379 3151 412 3225 δή
427 3152 472 3209 καὶ
489 3151 640 3226 ποιήσαντι
656 3151 781 3228 Φρυνίχῳ
801 3150 893 3227 δρᾶμα
907 3155 960 3208 Μι-

162 3238 250 3312 λήτου
271 3239 379 3299 ἅλωσιν
398 3239 443 3298 καὶ
460 3240 607 3308 διδάξαντι,
623 3245 650 3301 ἐς
669 3237 773 3312 δάκρυά
786 3262 817 3295 τε
831 3237 913 3296 ἔπεσε
927 3236 963 3296 τδ

162 3326 279 3401 θέητρον
297 3328 343 3387 καὶ
361 3327 517 3402 ἐζημίωσάν
534 3353 590 3402 μιν,
605 3327 640 3387 ιός
657 3323 857 3399 ἀναμνήσαντα
870 3324 961 3400 οἰκήῖα
