2278 3538
188 139 235 185 238
492 137 676 186 ἀτοκουου
893 131 987 197 [v111.

186 217 319 297 γομένων,
341 213 462 292 ἐλήλυθε
485 215 554 292 άνήρ
577 215 726 291 Ἀθηναῖος
746 213 894 296 ἀγγέλλων
913 213 991 290 ήκειν

187 304 237 364 τόν
257 304 408 381 βάρβαρον
429 310 456 367 ἐς
477 304 528 380 τήν
549 303 687 378 Ἀττικήν,
710 304 756 362 καὶ
782 307 879 362 πᾶσαν
903 301 991 377 αὐτήν

188 394 407 470 πυρπολέεσθαι.
458 391 475 452 ὁ
501 392 556 472 γάρ
589 393 633 450 διά
662 395 789 450 Βοιωτῶν
817 389 990 467 τραπόμενος

188 481 310 559 στρατός
325 480 383 558 ἅμα
401 481 500 560 Ξέρξη,
517 480 664 557 ἐμπρήσας
680 479 823 538 Θεσπιέων
841 477 892 553 τήν
905 477 992 536 πόλιν

188 569 277 629 αὐτῶν
308 569 510 628 ἐκλελοιπότων
540 573 567 630 ἐς
602 567 832 642 Πελοπόννησον,
861 565 906 623 καὶ
939 565 992 640 τήν

189 659 355 717 Πλαταιέων
382 657 519 726 αἷσαότως,
541 652 593 731 ἧκέ
613 681 644 714 τε
667 660 694 717 ἐς
720 653 770 716 τός
796 653 918 728 Ἀθήνας
946 655 991 711 καὶ

189 746 280 805 πάντα
301 749 390 804 ἐκεῖνα
411 745 511 820 ἐδηίου·
540 745 675 820 ἐνέπρησε
696 743 725 801 δὲ
747 740 873 800 Θέσπιόν
893 767 924 800 τε
945 743 992 799 καὶ

189 832 339 892 Πλάταιαν
362 831 517 908 πυθόμενος
544 833 677 907 Θηβαίων
704 829 748 890 ὅτι
775 828 824 888 οὐκ
852 828 991 904 ἐμήδιζον.

141 920 260 980 ὀΙἈπό
284 920 314 979 δέ
336 925 387 997 τῆς
413 920 563 996 διαβάσιος
588 924 639 978 τοῦ
662 917 886 993 Ἑλλησπόντου,
915 919 992 976 ἐνθεν

189 1009 359 1086 πορεύεσθαι
377 1007 496 1086 ἤρξαντο
513 1011 540 1066 οἱ
555 1008 708 1084 βάρβαροι,
725 1007 772 1064 ἕνα
788 1004 873 1064 ου’τοῦ
890 1005 992 1083 διατρί-

190 1106 291 1176 ψαντες
311 1100 395 1174 μῆνα,
418 1102 447 1156 ἐν
468 1099 506 1175 τῷ
527 1095 668 1171 διέβαινον
690 1101 717 1157 ἐς
736 1093 787 1170 τήν
805 1093 948 1169 Εὐρώπην,
963 1099 993 1152 ἐν

189 1187 266 1263 τρισὶ
285 1186 404 1262 ἑτέροισι
420 1185 521 1261 μήνεσι
541 1184 667 1264 ἐγένοντο
686 1187 714 1242 ἐν
727 1186 763 1260 τῇ
775 1182 898 1260 Ἀττικῇ,
914 1187 993 1240 Καλ-

189 1273 290 1333 λιάδεω
307 1273 441 1352 ἄρχοντος
453 1272 637 1348 Ἀθηναίοισι.
680 1271 726 1329 καὶ
744 1271 870 1346 αἱρέουσι
889 1273 993 1346 ἐρῆμον

188 1362 221 1422 τό
235 1361 315 1434 ἅστυ,
332 1363 380 1421 καί
391 1387 467 1424 τινας
480 1359 593 1441 ὀλίγους
604 1359 766 1436 εὑρίσκουσι
775 1361 830 1418 τῶν
839 1357 993 1434 Ἀθηναίων

191 1455 220 1509 ἐν
239 1455 277 1528 τῷ
299 1453 347 1528 ἱρῷ
368 1450 470 1518 ἐόντας,
485 1449 585 1525 ταμίας
605 1474 635 1507 τε
656 1451 706 1508 τοῦ
726 1450 787 1524 ἶροῦ
808 1447 853 1504 καὶ
873 1448 993 1520 πένητας

190 1537 360 1614 ἀνθρώπους·
382 1537 408 1595 οἳ
423 1537 597 1613 φραξάμενοι
612 1536 663 1611 τήν
680 1535 834 1613 α’κρόπολιν
849 1534 952 1614 θόρησί
962 1562 993 1595 τε

191 1626 237 1683 καὶ
255 1625 374 1694 βίλοισι,
397 1624 534 1700 ήμόνοντο
555 1625 619 1687 τούς
640 1624 774 1693 ἐπιόντας,
797 1622 855 1700 ἅμα
874 1627 926 1699 μὲν
946 1625 992 1682 ὑπ’

191 1712 321 1788 άσθενίης
340 1713 407 1789 βίου
426 1711 476 1771 οὐκ
490 1712 698 1790 ἐκχωρήσαντες
712 1718 739 1775 ἐς
753 1714 909 1788 Σαλαμῖνα,
923 1712 994 1790 πρός

191 1800 221 1859 δέ
238 1801 284 1858 καὶ
302 1799 381 1860 αότοὶ
400 1801 539 1863 δοκέοντες
560 1801 732 1877 ἐξευρηκέναι
752 1800 784 1860 τό
805 1801 939 1876 μαντήϊον
959 1801 992 1861 τό

191 1889 210 1965 ἦ
231 1890 324 1966 Πυθίη
345 1896 401 1965 σφι
422 1890 533 1970 ἔχρησε,
554 1889 588 1950 τό
609 1889 720 1958 ξύλινον
740 1892 832 1967 τεῖχος
849 1887 992 1948 ἀνάλωτον

192 1978 316 2047 ἔσεσθαι,
343 1976 409 2037 αὐτό
424 1977 457 2053 δή
476 1981 559 2036 τοῦτο
576 1976 645 2036 εἶναι
662 1977 695 2036 τό
710 1976 906 2057 κρησφύγετον
922 1977 993 2037 κατά

144 2065 224 2125 52τδ
250 2065 392 2143 μαντήϊον,
421 2065 467 2124 καὶ
495 2063 526 2124 οὗ
553 2064 603 2128 τάς
634 2069 710 2140 νῆας.
764 2067 800 2122 Οἱ
827 2065 856 2121 δέ
883 2065 994 2140 Πέρσαι

193 2154 313 2231 ἱζόμενοι
334 2156 380 2214 ἐπὶ
400 2153 450 2214 τόν
472 2155 617 2213 καταντίον
637 2157 686 2228 τῆς
707 2151 876 2228 ἀκροπόλιος
897 2153 992 2231 ὄχθον,

192 2243 242 2302 τόν
255 2242 398 2318 Ἀθηναῖοι
417 2243 551 2301 καλέουσι
567 2240 681 2317 Ἀρήϊον
700 2242 799 2322 πάγον,
815 2241 994 2318 ἐπολιόρκεον

192 2330 297 2407 τρόπον
323 2330 438 2390 τοιόνδε·
466 2329 535 2392 ὅκως
557 2333 690 2388 στυπεῖον
711 2331 774 2405 περὶ
795 2330 859 2391 τούς
882 2329 994 2394 όῖστοδς

192 2418 348 2493 περιθέντες
366 2417 474 2495 ἅψειαν,
494 2417 619 2486 ἐτόξευον
634 2423 660 2479 ἐς
678 2417 711 2476 τό
726 2417 854 2497 φράγμα·
877 2419 994 2477 ἐνθαῦτα

192 2504 346 2580 Ἀθηναίων
360 2508 386 2563 οἱ
399 2503 628 2581 πολιορκεόμενοι
643 2504 716 2580 ὅμως
733 2504 879 2581 ἠμύνοντο,
895 2507 995 2583 καίπερ

194 2595 221 2655 ἐς
233 2591 266 2651 τό
280 2593 401 2671 ἔσχατον
418 2596 503 2652 κακοῦ
526 2591 683 2674 ἀπιγμένοι,
700 2594 746 2652 καὶ
762 2598 812 2652 τοῦ
829 2593 995 2673 φράγματος

193 2679 408 2756 προδεδωκότος·
443 2680 506 2740 οὐδὲ
532 2680 634 2762 λόγους
660 2685 715 2741 τῶν
740 2680 994 2759 Πεισιστρατιδέων

193 2768 411 2845 προσφερόντων
431 2769 494 2846 περὶ
517 2768 672 2849 ὁμολογίης
699 2770 863 2829 ἐνεδέκοντο·
894 2767 994 2845 ἀμυνό-

194 2883 273 2934 μενοι
289 2857 318 2916 δὲ
336 2856 415 2916 ἄλλα
430 2883 460 2917 τε
479 2856 716 2934 άντεμηχανέοντο
735 2859 780 2916 καὶ
796 2857 829 2934 δή
847 2858 892 2916 καὶ
906 2883 994 2934 προσ-

196 2944 292 3005 ιόντων
308 2950 362 3006 τῶν
377 2945 534 3022 βαρβάρων
551 2946 620 3021 πρός
638 2946 687 3008 τάς
700 2946 799 3015 πύλας,
814 2946 994 3025 ὀλοιτρόχους

195 3033 325 3093 άπίεσαν·
347 3033 419 3093 ὥστε
432 3032 537 3108 Ξέρξεα
556 3034 602 3090 ἐπὶ
617 3033 719 3110 χρόνον
735 3034 842 3113 συχνόν
859 3033 994 3112 ἀπορίῃσι

148 3121 186 3177 53
196 3121 349 3198 ἐνέχεσθαι,
365 3121 397 3179 οὐ
414 3118 564 3194 δυνάμενόν
580 3127 671 3195 σφεας
688 3124 770 3181 ἐλεῖν.
813 3121 911 3200 Χρόνῳ
928 3122 950 3181 δ’
964 3128 994 3181 ἐκ

195 3211 249 3265 τῶν
265 3206 375 3282 α’πόρων
390 3206 479 3281 ἐφάνη
494 3205 527 3280 δή
546 3233 587 3268 τις
603 3208 700 3272 ἔσοδος
716 3213 792 3270 τοῖσι
804 3209 993 3286 βαρβάροισι·

198 3292 254 3350 ἔδεε
273 3293 328 3366 γάρ
350 3292 420 3352 κατά
440 3292 473 3351 τό
495 3293 662 3366 θεοπρόπιον
680 3301 776 3357 πᾶσαν
792 3297 845 3368 τήν
864 3297 995 3368 Ἀττικήν
