2278 3538
144 135 298 204 Ιτου-,οη
483 137 636 184 omn.
911 136 958 184 ια

159 214 235 292 παρὰ
248 213 303 296 γὰρ
316 217 393 276 τοῖσι
405 213 583 292 βαρβάροισι
595 213 755 291 τιμιώτεροί
767 217 822 274 εἶσι
832 215 859 274 οἱ
870 210 960 274 εὐνοῦ-

157 327 214 382 χοι,
228 303 340 366 πίστιος
353 303 442 362 εἵνεκα
455 305 506 376 τῆς
518 298 620 376 πόσης,
634 304 689 360 τῶν
700 302 838 379 ἐνορχίων·
855 301 961 365 ἄλλους

158 416 189 450 πε
208 389 242 466 δὴ
256 389 272 449 ό
287 391 440 453 Πανιώνιος
456 389 569 466 ἐξέταμε
586 387 720 457 πολλοῦς,
734 387 783 447 ὅτε
798 390 960 467 ποιεόμενος

159 481 190 536 ἐκ
202 477 301 537 τούτου
315 479 366 552 τήν
379 478 453 554 ζόην,
468 477 514 536 καὶ
527 476 561 553 δὴ
576 477 621 536 καὶ
630 479 739 536 τοῦτον·
761 477 806 535 καὶ
816 475 850 536 ov’
859 476 915 557 γὰρ
924 477 961 537 τό

158 565 250 626 πόντα
272 565 421 644 ἐδυστύχεε
439 565 455 626 ὅ
476 565 652 642 Ἑρμότιμος,
675 563 833 624 (ἐπικνέεται
856 570 886 624 ἐκ
906 569 961 626 τῶν

158 655 283 731 Σαρδίων
303 654 379 730 παρὰ
400 654 527 730 βασιλέα
544 651 604 730 μετ’
618 651 715 712 ἄλλων
733 652 833 729 δώρων·
858 653 961 732 χρόνου

159 741 189 802 δὲ
202 742 356 819 προϊόντος,
370 741 479 802 πόντων
492 747 547 802 τῶν
558 740 694 820 εὐνούχων
703 741 821 824 ἐτιμήθη
832 741 960 818 μάλιστα

158 827 235 904 παρὰ
257 829 359 908 Ξέρξη.
400 830 448 892 Ὡς
466 829 496 890 δὲ
513 830 546 890 τό
565 829 726 906 στράτευμα
743 827 776 889 τό
796 829 939 905 Περσικόν
950 829 1006 888 106

158 915 232 994 ὅρμα
252 917 269 977 ό
289 918 428 994 βασιλευς
445 921 490 978 ἐπὶ
505 917 555 980 τὰς
570 917 692 992 Ἀθήνας
712 917 761 980 ἐιδν
784 923 812 976 ἐν
834 917 959 994 Σάρδισι,

159 1006 279 1064 ἐνθαῦτα
298 1007 425 1083 καταβὰς
444 1004 514 1064 κατα
534 1005 567 1080 δή
586 1031 613 1064 τι
631 1009 748 1085 πρῆγμα
760 1004 777 1064 ό
790 1004 960 1082 Ἑρμότιμος

158 1097 187 1156 ἐς
199 1096 253 1173 γῆν
265 1093 316 1170 τήν
327 1095 451 1170 Μυσίην,
462 1093 513 1170 τὴν
523 1097 590 1152 Χῖοι
599 1095 651 1170 μὲν
661 1093 799 1169 νέμονται,
813 1092 960 1170 Ἀταρνεῧς
988 1097 995 1150 ’.

158 1181 189 1240 δέ
204 1182 341 1252 καλέεται,
362 1182 484 1260 εόρίσκει
504 1181 554 1242 τόν
575 1181 729 1240 Πανιώνιον
753 1181 880 1240 ἐνθαῦτα·
902 1185 959 1240 ἐπι-

157 1269 241 1350 γνοδς
267 1269 297 1330 δὲ
323 1272 402 1352 ἔλεγε
428 1269 498 1347 πρός
525 1268 609 1330 αὐτόν
629 1268 755 1332 πολλοῦς
776 1269 822 1326 καὶ
847 1269 959 1344 φιλίους

158 1356 269 1439 λόγους,
298 1364 394 1436 πρῶτα
421 1359 473 1436 μέν
496 1360 523 1418 οἱ
550 1357 711 1437 καταλέγων
736 1356 793 1416 ὅσα
819 1356 902 1419 αὐτός
925 1356 958 1416 δι’

159 1449 349 1526 ἐκεῖνοΓέχοι
376 1446 477 1528 οἷγαθᾶ,
500 1445 613 1522 δεύτερα
638 1444 668 1506 δέ
692 1448 718 1504 οἱ
739 1443 959 1523 ὑπισχνεύμενος

159 1530 220 1594 ἆντὶ
246 1533 350 1596 τοότων
372 1534 428 1596 ὅσα
454 1561 501 1612 μιν
525 1533 619 1615 ἀγαθὰ
641 1533 762 1608 ποιήσει,
786 1531 820 1608 ἢν
842 1532 957 1609 κομισά-

157 1647 240 1699 μενος
256 1623 320 1687 τούς
335 1624 441 1687 οἰκέτας
458 1624 533 1702 οίκέη
552 1623 650 1701 ἐκείνῃ·
672 1621 744 1701 ὥστε
757 1621 960 1698 όποδεξόμενον

160 1708 282 1788 ἅσμενον
304 1711 369 1775 τοθς
395 1712 498 1794 λόγους
524 1709 573 1772 τόν
601 1709 764 1780 Πανιώνιον,
785 1711 901 1787 κομίσαι
922 1710 959 1770 τό.

159 1800 241 1859 τέκνα
268 1801 315 1860 καὶ
340 1801 392 1878 τήν
412 1804 538 1883 γυναῖκα·
571 1799 607 1864 οἷς
629 1799 658 1858 δὲ
681 1798 735 1876 ἄρα
759 1799 888 1878 πανοικίῃ
910 1825 960 1876 μιν

777 1886 822 1922 “9
883 1886 890 1907 Ι

159 1889 321 1966 περιέλαβε,
347 1891 425 1970 ἔλεγε
449 1889 464 1948 ό
484 1888 652 1965 Ἑρμότιμος
674 1886 749 1946 τόδε·
804 1915 824 1945 ω
850 1913 959 1946 παντων

159 1972 264 2052 α’νδρῶν
277 1975 330 2052 ἤδη
343 1976 472 2052 μάλιστα
480 1974 526 2034 ἀπ’
536 1976 621 2055 ἔργων
631 1974 823 2034 α’νοσιωτότων
834 1974 883 2034 τόν
894 1975 959 2048 βίον

159 2063 324 2140 κτησάμενε,
338 2065 369 2122 τί
379 2066 414 2122 σέ
428 2062 482 2143 ἐγώ
497 2062 581 2120 κακόν
599 2060 616 2136 ἢ
636 2061 718 2123 αότός
731 2059 749 2136 ἢ
763 2065 817 2120 τῶν
832 2065 903 2136 ἐμῶν
920 2088 959 2123 τις

159 2151 336 2233 ἐργόσατοῆ
358 2155 400 2224 σὲ,
419 2149 506 2226 ἢτών
520 2155 579 2208 σῶν
593 2176 662 2218 τινα,
686 2149 728 2208 ὅτι
741 2175 777 2226 με
791 2147 847 2208 ἀντ’
862 2148 960 2226 ἀνδρὸς

160 2241 295 2314 ἐποίησας
314 2239 348 2300 τό
368 2239 455 2315 μηδὲν
476 2237 557 2306 εἶναι;
583 2237 688 2299 ἐδόκεές
707 2263 738 2296 τε
760 2236 839 2298 θεοὺς
862 2235 961 2312 λήσειν

159 2327 212 2386 οἶα.
231 2331 358 2404 ἐμηχανῶ
380 2326 453 2386 τότε·
483 2328 563 2386 οἶσε
582 2325 740 2401 ποιήσαντα
758 2323 867 2395 οἷνόσια,
886 2325 961 2406 νόμῳ
998 2361 1000 2364 ·

159 2416 255 2494 δικαίῳ
268 2414 427 2492 χρεώμενοι,
441 2414 587 2496 ὗπήγαγον
602 2421 629 2478 ἐς
642 2416 726 2493 χέρας
735 2414 785 2477 τὰς
799 2415 874 2490 ἐμὰς,
890 2414 961 2474 ὥστε

160 2529 196 2562 σε
208 2503 248 2579 μη
262 2503 430 2580 μέμψασθαι
446 2504 497 2580 τὴν
510 2503 557 2563 ἀπ’
572 2505 637 2580 ἐμέο
650 2529 694 2562 τοι
709 2503 845 2580 ἐσομένην
859 2503 960 2579 δίκην.”

161 2590 197 2654 ὥς
217 2591 249 2650 δέ
266 2595 293 2650 οἶ
310 2596 397 2652 ταῦτα
420 2591 552 2664 ὠνείδισε,
574 2591 713 2670 αἷχθέντων
734 2595 788 2651 τῶν
808 2591 914 2651 παίδων
934 2597 982 2654 ἐς·

161 2676 232 2756 ὄψιν,
252 2679 421 2761 η’ναγκόζετο
443 2681 458 2740 ό
481 2679 633 2742 Πανιώνιος
653 2684 707 2738 τῶν
728 2683 832 2740 ἑωυτοῦ.
847 2681 960 2750 παίδων,

160 2769 302 2844 τεσσέρων
321 2769 427 2840 ἐόντων,
447 2769 482 2828 τὰ
501 2771 591 2828 αἰδοῖα
609 2767 787 2844 α’ποτόμνειν·
809 2767 960 2848 ἅναγκαζόψ

159 2881 243 2932 μενος
256 2857 285 2915 δὲ
299 2859 389 2916 ἐποίεε
400 2861 496 2916 ταῦτα·
517 2856 602 2915 αὐτοῦ
612 2881 650 2926 τε,
662 2855 697 2918 ώς
710 2860 797 2916 ταῦτα
812 2855 960 2934 ἐργάσατο,

161 2947 190 3002 οἱ
202 2944 297 3006 παῖδες
316 2943 533 3024 ἀναγκαζόμενοι
550 2942 716 3020 ἀπέταμνον·
740 2942 894 3015 Πανιώνιον
909 2941 962 3018 μέν

162 3057 210 3092 νυν
223 3031 294 3092 οὕτω
307 3033 442 3108 περιῆλθε
456 3031 473 3106 ἥ
486 3058 517 3090 τε
530 3032 603 3094 τίσις
617 3032 663 3090 καὶ
677 3031 691 3090 ό
705 3030 883 3108 Ἑρμότιμος,

199 3122 303 3196 Ξέρξης
323 3120 353 3178 δὲ
370 3119 404 3183 ὥς
422 3119 487 3182 τούς
506 3119 606 3182 παῖδας
626 3119 790 3196 Ἀρτεμισίη
807 3118 941 3194 ἐπέτρεψε
952 3121 1008 3180 107

161 3207 279 3290 ἀπάγειν
294 3215 320 3272 ἐς
329 3207 467 3282 Ἔφεσον,
482 3208 605 3269 καλέσας
618 3205 778 3282 Μαρδόνιον
792 3205 901 3263 ἐκέλευέ
914 3233 962 3280 μιν

160 3301 212 3372 τῆς
232 3301 365 3373 στρατιῆς
387 3295 525 3374 διαλέγειν
547 3295 611 3356 τούς
630 3293 775 3368 βούλεται,
795 3293 839 3350 καὶ
860 3295 962 3350 ποιέειν

186 3381 195 3427 Ῑ
201 3380 253 3428 Ῐ.-
258 3381 284 3424 21
