2278 3538
175 131 222 182 ιιι
482 128 664 176 Ἥνοιοιοτ
883 124 973 188 [vm.

173 207 330 283 α’νθριίπων,
340 211 396 269 τιῖν
408 207 489 284 ἤμεῖς
503 207 589 284 ἴδμεν,
599 206 772 284 Σπαρτιῆται
782 205 975 284 προέπεμψαν.

127 298 183 356 125
193 295 241 358 Ὡς
254 295 283 354 δέ
298 301 327 354 ἐκ
341 300 390 370 τῆς
400 295 608 372 Λακεδαίμονος
622 295 736 354 ἀπίκετο
748 299 775 355 ἐς
788 291 838 356 τάς
846 291 975 368 Ἀθήνας,

175 386 294 444 ἐνθαῦτα
308 383 467 460 Τιμόδημος
480 382 650 459 Ἀφιδναῖος,
664 386 719 442 τοῖν
739 382 846 460 ἐχθροῖν
857 383 910 456 μὲν
922 385 976 444 τῶν

174 473 382 549 Θεμιστοκλέος
417 471 475 541 ἐάν,
503 471 597 534 άλλως
625 472 654 532 δὲ
681 469 713 530 οὗ
741 474 795 529 τοῖν
822 463 976 546 ἐπιφανέων

173 560 286 638 ἀνδροῖν,
309 560 405 640 φθόνῳ
426 560 624 641 καταμαργέων
652 559 750 618 ἐνείκεε
770 557 820 618 τόν
840 564 975 635 Θεμιστο-

174 651 251 723 κλέα,
266 649 318 725 τήν
337 655 365 713 ἐς
381 649 576 725 Λακεδαίμονα
594 647 687 717 ἄπιξιν
705 647 860 724 προφέρων,
880 647 915 711 οῖς
931 639 976 708 διά

172 738 223 801 τὰς
238 737 358 814 Ἀθήνας
375 740 433 816 ἔχοι
449 737 485 796 τά
502 737 585 818 γέρεα
600 736 636 796 τά
652 735 729 812 παρά
742 735 973 812 Λακεδαιμονίων,

173 825 238 886 ἀλλ’
254 826 285 886 οὗ
304 826 337 885 δι’
355 825 463 886 ἑωυτόνΙ
485 825 501 886 ό
518 825 556 895 δέ,
571 825 632 884 ἐπεί
648 851 678 884 τε
693 821 742 884 οὗκ
759 823 875 882 ἐπαίετο
888 827 976 884 ταῦτα

173 914 294 995 λέγωνὸ
313 913 480 990 Τιμόδημος,
500 913 569 972 εἶπε·
591 912 688 972 “οὗτω
711 913 768 991 ἔχει
789 937 842 972 τοι·
863 909 919 972 οὔτ’
941 911 970 972 άι

174 1002 235 1083 ἐγιδ,
251 1002 302 1064 ἐάν
318 1003 494 1079 Βελβινίτης,
516 1000 649 1078 ἐτιμήθην
664 999 736 1060 οὕτω
752 999 822 1076 πρός
838 1000 974 1077 Σπαρτιη

172 1091 250 1150 τέων·
272 1089 328 1152 οὔτ’
342 1088 377 1150 εῖν
391 1090 436 1160 σύ,
452 1090 589 1166 ὤνθρωπε,
608 1089 659 1150 ἐιδν
675 1086 848 1164 Ἀθηναῖος.”
888 1092 974 1148 ταῦτα

173 1180 225 1255 μέν
239 1205 287 1240 νυν
301 1185 328 1244 ἐς
340 1183 461 1240 τοσοῦτο
477 1179 591 1258 ἐγένετο.

127 1269 184 1326 126
234 1266 409 1345 Ἀρτάβαζος
430 1267 459 1326 δὲ
481 1265 497 1326 ό
518 1263 683 1342 Φαρνάκεος,
704 1265 773 1342 άνῆρ
796 1269 825 1326 ἐν
843 1268 976 1344 Πέρσησι

174 1355 292 1437 λόγιμος
305 1357 351 1414 καὶ
365 1354 475 1433 πρόσθε
489 1353 548 1424 ἐιδν,
563 1359 593 1414 ἐκ
613 1354 642 1413 δὲ
658 1357 713 1412 τιῖν
732 1358 912 1413 Πλαταιῖκοῖν
931 1356 976 1411 καὶ

173 1448 287 1520 μᾶλλον
309 1446 348 1504 ἐτι
372 1443 527 1525 γενόμενος,
552 1444 621 1520 ἔχων
644 1441 675 1510 ἐξ
695 1442 829 1518 μυριάδας
853 1449 975 1519 στρατοῦ

173 1530 224 1591 τόν
238 1531 397 1608 Μαρδόνιος
411 1532 564 1601 ἐξελέξατο,
577 1530 739 1606 προέπεμπε
753 1530 879 1606 βασιλέα
892 1531 975 1608 μέχρι

174 1623 224 1677 τοῦ
238 1618 335 1695 πόρου·
357 1619 392 1682 οῖς
406 1619 435 1676 δέ
448 1618 464 1678 ὁ
477 1621 529 1694 μὲν
544 1617 579 1693 ἦν
597 1623 626 1676 ἐν
644 1621 679 1696 τῇ
693 1617 785 1696 Ἀσίῃ,
800 1615 816 1678 ό
835 1618 864 1676 δὲ
884 1616 975 1678 ὀπίσω

173 1705 358 1782 πορευόμενος
375 1705 445 1766 καταὶ
462 1706 514 1781 τήν
529 1705 684 1782 Παλλήνην
704 1707 816 1786 ἐγίνετο,
830 1705 879 1765 άτε
895 1712 975 1784 Μαρ-

174 1794 266 1854 δονίου
298 1821 330 1856 τε
362 1796 565 1874 χειμερίζοντος
592 1795 656 1871 περὶ
682 1794 847 1870 Θεσσαλίην
872 1820 903 1853 τε
930 1796 976 1854 καὶ

174 1882 358 1959 Μακεδονίην,
373 1884 419 1942 καὶ
432 1882 511 1944 οὐδέν
529 1909 566 1941 κω
586 1884 796 1964 κατεπείγοντος
813 1882 889 1960 ἥκειν
902 1888 930 1945 ἐς
942 1883 975 1943 τό

174 1969 248 2030 άλλο
262 1971 461 2048 στρατόπεδον,
476 1971 525 2032 οὐκ
540 1972 667 2040 ἐδικαίου,
683 1970 802 2050 ἐντυχεῖν
816 1971 976 2032 ἀπεστεῶσι

175 2060 388 2140 Ποτιδαιήτῃσι,
403 2059 443 2138 μη
458 2059 507 2120 οὐκ
522 2059 814 2137 ἐξανδραποδίσασθαί
825 2067 926 2138 σφεας
949 2065 976 2120 οἶ

173 2149 228 2230 γάρ
247 2150 438 2225 Ποτιδαιῆται,
454 2149 489 2213 οῖς
503 2149 643 2226 βασιλειῖς
659 2148 883 2226 παρεξεληλάκεε
900 2149 946 2207 καὶ
959 2148 975 2208 ό

174 2239 300 2302 ναυτικάς
317 2243 393 2298 τοῖσι
414 2240 546 2316 Πέρσησι
567 2236 679 2315 οἰχώκεε
701 2236 810 2316 φεόγων
831 2241 860 2295 ἐκ
884 2239 975 2302 Σαλα-

173 2331 260 2402 μῖνος,
286 2332 315 2384 ἐκ
342 2331 392 2386 τοιῖ
416 2330 538 2402 φανεροί
565 2325 732 2384 ἀπέσπασαν
754 2324 809 2384 α’πδ
829 2329 884 2385 τιῖν
904 2327 975 2404 βαρ

173 2414 279 2489 βάρων·
302 2413 337 2476 ιδς
351 2413 380 2473 δὲ
395 2415 439 2471 καὶ
459 2413 547 2472 ὧλλοι
566 2417 592 2471 οἷ
608 2413 659 2488 τήν
680 2413 838 2489 Παλλήνην
857 2414 973 2492 ἔχοντες.

175 2503 293 2560 ἐνθαῦτα
307 2500 340 2575 δή
355 2500 370 2560 ὁ
383 2499 559 2578 Ἀρτάβαζος
575 2501 736 2578 ἐπολιόρκεε
749 2501 799 2577 τὴν
813 2501 973 2577 Ποτιδαίην,

129 2589 183 2650 127
193 2588 387 2652 ’Υποπτεόσας
411 2589 440 2648 δὲ
466 2589 512 2648 καὶ
532 2589 596 2652 τοῦς
616 2589 779 2652 Ὀλυνθίους
800 2588 975 2648 άπίστασθαι

173 2675 229 2736 ἀπό
256 2678 403 2753 βασιλέος,
432 2678 477 2736 καὶ
503 2676 606 2753 ταύτην
634 2677 803 2753 ἐπολιόρκεε·
843 2678 918 2756 εἶχον
946 2678 975 2737 δὲ

174 2763 259 2840 αὐτὴν
278 2769 420 2824 Βοττιαῖοι
441 2769 467 2824 οῖ
488 2769 518 2824 ἐκ
538 2769 588 2825 τοῦ
603 2765 742 2842 Θερμαίου
760 2764 867 2825 κόλπου
882 2766 973 2836 ἐξανα-

174 2853 290 2916 στάντες
302 2853 357 2914 ιῖπό
372 2853 549 2914 Μακεδόνων·
571 2854 631 2914 ἐπεὶ
644 2854 675 2912 δέ
684 2859 776 2929 σφεας
790 2853 848 2912 εῖλε
861 2858 975 2932 πολιορ-

175 2943 249 3015 κέων,
266 2943 425 3018 κατέσφαξε
442 2943 583 3024 ἐξαγαγιδν
600 2948 626 3006 ἐς
645 2943 756 3017 λίμνην·
777 2941 829 3018 τὴν
848 2942 877 3002 δέ
891 2941 975 3002 πόλιν

174 3031 322 3107 παραδιδοῖ
342 3030 529 3109 Κριτοβούλιρ
549 3029 695 3107 Τορωναίῳ
716 3030 911 3107 ἐπιτροπεύειν,
929 3031 976 3088 καὶ

174 3123 212 3194 τῷ
227 3118 385 3196 Χαλκιδικῷ
403 3121 484 3199 γένεϊ·
507 3119 552 3175 καὶ
574 3115 644 3175 οὕτω
660 3115 802 3176 Ὀλυνθον
823 3118 975 3180 Χαλκιδέες

129 3205 185 3262 128
195 3205 290 3284 ἔσχον.
330 3205 451 3274 Ἐξελιδν
465 3205 494 3262 δέ
507 3203 609 3278 ταύτην
622 3202 637 3262 ὁ
651 3202 826 3279 Ἀρτάβαζος
840 3210 875 3283 τῇ
890 3211 975 3262 Ποτι-

175 3290 238 3367 δαίῃ
255 3293 435 3367 ἐντεταμένως
453 3294 597 3367 προσεῖχε·
618 3293 789 3368 προσέχοντι
809 3291 841 3350 δέ
860 3295 887 3352 οἱ
906 3315 976 3370 προ·

6 3417 70 3474 Ι
