2278 3538
158 144 268 210 οο-οο]
481 141 635 192 OMNIA.
914 135 961 184 τις

156 227 238 289 Ἐπεὶ
264 225 294 285 δὲ
314 221 431 302 περιϊών
449 221 547 299 εἶρώτα
574 220 590 281 ὁ
617 218 783 298 Μαρδόνιος,
808 216 961 296 ἀρξάμενος
971 220 1010 279 68

158 315 278 376 ἀπὸτοῦ
292 312 431 382 Σιδωνίου,
446 311 537 386 οἱμὲν
553 308 639 368 ἄλλοι
656 307 726 368 κατα
745 306 833 368 τώυτό
849 306 963 388 γνώμην
1001 325 1003 332 “

158 405 323 481 ἐξεφέροντο
345 400 503 463 κελεύοντες
521 399 678 478 ναυμαχίην
696 399 848 470 ποιέεσθαι,
868 396 962 474 Ἀρτε-

156 494 240 568 μισίη
254 490 362 550 δὲτάδε
376 490 440 565 ἐφη·
463 499 480 524 “
488 491 575 548 εἰπεῖν
587 513 637 565 μοι
650 486 720 564 πρὸς
732 487 867 562 βασιλέα,
882 491 961 561 Μαρ·

158 579 238 650 δόνιε,
253 579 289 643 ώς
308 577 361 659 ἐγώ
377 577 443 638 τώδε
464 578 548 658 λέγω·
569 575 633 636 ούτε
655 574 791 650 κακίστην
811 575 963 655 γενομένην

159 674 188 727 ἐν
206 672 275 747 τῇσι
299 666 471 744 ναυμαχίῃσι
491 669 560 744 τῇσι
581 663 652 741 πρὸς
672 661 791 741 Εὐβοίῃ,
813 661 877 721 οὔτε
899 661 962 722 ἐλώ-

156 781 245 834 χιστα
258 754 475 832 ἀποδεξαμένην,
489 754 622 822 δέσποτα,
636 751 718 827 τήνδε
735 754 837 810 ἐοῦσαν
849 749 962 832 γνώμην

156 869 194 921 με
209 842 316 920 δίκαιόν
331 847 408 902 ἐστιν
424 841 649 910 ἀποδείκνυσθαι,
663 839 698 900 πθ
715 839 844 920 τυγχάνω
863 840 961 918 φρονέ-

158 958 231 991 ουσα
254 929 358 1009 ἄριστα
385 935 413 994 ἐς
438 929 591 1010 πρήγματα
614 930 650 988 τὰ
673 928 722 988 στί.
764 930 812 1006 καί
832 955 876 988 τοι
897 927 962 986 τάδε

158 1021 242 1100 λέγω·
272 1019 367 1095 φείδεο
383 1023 440 1080 τῶν
457 1023 537 1094 νηῶν,
553 1018 623 1094 μηδὲ
642 1017 798 1095 ναυμαχίην
815 1017 903 1076 ποιέο·
935 1019 962 1075 οἶ

157 1107 213 1186 γοῖρ
227 1107 322 1185 ἄνδρες
334 1111 394 1167 τῶν
405 1111 464 1168 σῶν
482 1105 589 1184 ἀνδρῶν
606 1106 756 1183 κρέσσονες
773 1106 893 1164 τοσοῦτό
907 1109 963 1164 εἶσι

159 1196 229 1255 κατᾶ
244 1197 404 1266 θάλασσαν,
419 1196 489 1254 ὅσον
504 1193 600 1271 ἄνδρες
616 1197 761 1275 γυναικῶν.
802 1194 832 1252 τί
849 1193 879 1253 δέ
895 1193 962 1254 ποίν-

158 1310 211 1347 τως
234 1284 288 1344 δέει
312 1311 346 1344 σε
368 1284 540 1362 ναυμαχίῃσι
561 1281 792 1349 ώνακινδυνεύειν;
821 1279 870 1340 ούκ
891 1282 962 1359 έχεις

158 1374 210 1448 μέν
231 1373 281 1436 τὰς
303 1372 425 1448 Ἀθήνας
443 1376 551 1447 τῶνπερ
572 1371 661 1430 εἵνεκα
683 1369 813 1446 ώρμήθης
831 1367 962 1446 στρατεύ-

160 1461 251 1530 εσθαι,
265 1462 336 1539 ἐχεις
355 1461 384 1519 δὲ
397 1459 449 1535 τήν
461 1458 555 1534 ἄλλην
567 1458 711 1526 Ἑλλοίδα;
733 1456 860 1534 ἐμποδών
873 1457 905 1516 δέ
918 1481 962 1516 τοι

161 1548 272 1608 ἵσταται
295 1548 392 1611 οὐδείς·
427 1548 454 1610 οἳ
475 1545 497 1606 δ’
522 1549 562 1606 ἔτι
586 1546 769 1622 ἀντέστησαν,
792 1545 962 1622 ἀντήλλαξαν

160 1635 231 1696 οὕτω
247 1636 282 1699 ώς
299 1637 403 1699 κείνους
421 1637 532 1712 ἔπρεπε.
573 1635 654 1714 τῇδὲ
671 1633 724 1716 ἐγώ
747 1634 831 1694 δοκέω
852 1633 962 1710 ώποβή

159 1725 263 1784 σεσθαι
297 1723 333 1784 τώ
367 1727 423 1784 τῶν
458 1723 649 1800 ἀντιπολέμων
684 1723 844 1804 πρήγματα,
879 1726 963 1784 τοῦτο

160 1811 273 1889 φριίσω·
296 1811 331 1888 ἢν
348 1815 400 1889 μὲν
416 1813 456 1888 μή
474 1813 606 1890 ἐπειχθῇς
621 1814 776 1890 ναυμαχίην
792 1811 961 1888 ποιεύμενος,

129 1972 131 1976 Ι
161 1897 238 1958 ἀλλὰ
257 1899 307 1963 τὰς
328 1905 396 1975 νῆας
417 1899 501 1958 αι’τοῦ
523 1901 588 1977 ἔχῃς
610 1899 679 1976 πρός
700 1904 738 1979 γῇ
759 1901 855 1975 μένων,
877 1897 895 1974 ἢ
917 1900 962 1958 καὶ

162 1988 321 2063 προβαίνων
348 1993 375 2050 ἐς
403 1987 454 2062 τήν
490 1986 719 2062 Πελοπόννησον,
748 1986 879 2049 εὐπετέως
909 2013 961 2056 τοι,

161 2076 293 2144 δέσποτα,
312 2075 436 2155 χωρήσει
453 2074 489 2134 τὰ
504 2075 588 2135 νοέων
604 2074 752 2149 ἐλήλυθας·
787 2073 819 2132 ού
838 2074 892 2153 γὰρ
909 2074 964 2138 οἶοί

160 2189 191 2222 τε
216 2164 327 2224 πολλὰν
350 2164 451 2242 χρόνον
476 2164 534 2224 εἶσί
554 2187 599 2222 τοι
622 2160 747 2240 ἀντέχειν
771 2165 798 2222 οἱ
814 2161 963 2236 Ἕλληνες,

161 2249 239 2310 α”λλοί
265 2259 357 2328 σφεας
384 2251 539 2331 διασκεδᾷς·
582 2249 653 2309 κατὰ
682 2249 765 2313 πόλις
793 2249 822 2308 δέ
850 2250 964 2310 ἔκαστοι

161 2338 320 2414 φεύξονται·
349 2339 411 2400 οὔτε
427 2339 482 2420 γὰρ
499 2343 578 2402 σῖτος
594 2337 671 2415 πείρα
687 2339 775 2413 σφίσι
791 2342 820 2397 ἐν
835 2340 871 2416 τῇ
887 2336 964 2417 νήσεῃ

160 2427 256 2508 ταύτῃ,
271 2428 306 2492 ώς
319 2428 373 2510 ἐγώ
391 2427 573 2504 πυνθάνομαι,
588 2426 651 2486 οὔτε
668 2425 768 2489 αύτούς
782 2425 864 2495 οίκδς,
878 2423 913 2501 ήν
926 2431 965 2490 σὺ

162 2516 208 2574 ἐπὶ
221 2517 272 2592 τήν
290 2517 458 2592 Πελοπόννη
469 2541 513 2576 ιον
531 2514 649 2594 ἐλαύνῃς
666 2515 715 2576 τόν
731 2515 815 2588 πεζόν
833 2514 963 2593 στρατόν,
1019 2533 1022 2540 “

162 2602 301 2681 ἀτρεμιεῖν
326 2603 391 2668 τούς
415 2606 518 2664 ἐκεῖθεν
539 2603 629 2663 αὐτῶν
655 2603 782 2680 ἥκοντας·
825 2603 889 2663 οὐδέ
908 2610 965 2678 σφι

161 2692 283 2767 μελήσει
308 2692 364 2770 πρό
394 2697 448 2752 τῶν
477 2691 630 2767 Ἀθηναίων
658 2693 831 2771 ναυμαχέειν.
872 2690 907 2768 ἦν
934 2691 964 2752 δέ

163 2777 262 2838 αὐτίκα
275 2781 406 2859 ἐπειχθῇς
419 2783 608 2858 ναυμαχῆσαι,
621 2781 749 2856 δειμαίνω
762 2782 802 2858 μή
813 2780 964 2844 ὁναυτικδς

163 2867 284 2942 στρατδς
298 2869 428 2932 κακωθεὶς
442 2870 491 2927 τὸν
505 2868 590 2938 πεζδν
607 2869 853 2945 προσδηλήσηται.
895 2867 965 2945 πρός

163 2956 201 3024 δέ,
220 2953 241 3014 ὦ
257 2957 391 3032 βασιλεῦ,
410 2958 455 3016 καὶ
476 2957 540 3016 τόδε
559 2960 586 3018 ἐς
609 2958 696 3034 θυμὸν
712 2959 814 3031 βαλεῦ,
833 2956 868 3020 ὦς
887 2966 964 3016 τοῖσι

162 3045 215 3118 μὲν
227 3047 381 3124 χρηστοῖσι
393 3049 448 3104 τῶν
461 3043 611 3121 ἀνθρώπων
628 3046 708 3104 κακοὶ
721 3045 818 3104 δοῦλοι
832 3045 964 3119 φιλέουσι

162 3131 300 3210 γίνεσθαι,
321 3136 398 3192 τοῖσι
419 3133 448 3191 δὲ
471 3136 583 3192 κακοῖσι
604 3134 734 3210 χρηστοί·
770 3132 818 3190 σοὶ
839 3132 868 3190 δὲ
893 3130 964 3191 ἐόντι

163 3217 268 3300 ἆρίστιρ
294 3219 400 3296 ἀνδρῶν
425 3219 535 3280 πάντων
563 3222 643 3280 κακοὶ
668 3219 767 3279 δοῦλοί
791 3222 854 3289 εἶσι,
881 3217 909 3278 οἳ
935 3223 965 3280 ἐν

163 3306 321 3384 συμμάχων
334 3305 412 3385 λόγῳ
425 3307 556 3386 λέγονται
570 3307 647 3378 εἶναι,
663 3307 752 3370 ἐόντες
771 3305 922 3388 Αἰγύπτιοί
933 3329 964 3367 τε
