2262 3534
170 103 217 154 ιιι
472 100 656 151 αοοιουου
876 97 967 161 [vlu.
1018 79 1020 82 ’

169 182 310 240 πείθεσθε·
332 184 444 239 πολλοῦ
456 180 511 260 γιίρ
524 179 590 257 ύμῖν
603 177 668 249 ἄξια
679 180 775 247 ταῦτα,
789 180 814 236 εἰ
830 177 969 254 βασιλεύς

169 294 203 348 γε
220 267 235 327 ό
254 271 342 349 μέγας
360 267 490 344 μούνοισι
507 267 573 344 ύμῖν
589 265 734 342 Ἑλλήνων
746 264 797 328 τάς
810 263 970 343 άμαρτάδας

170 354 259 419 άπιείς
274 358 363 416 ε’θέλει
377 357 462 432 φίλος
475 355 631 437 γενέσθαι.”
746 363 750 375 “

124 445 179 506 141
222 443 405 520 Ἀλέξανδρος
418 448 469 520 μὲν
482 448 569 503 ταῦτα
587 443 672 512 ἔλεξε·
713 442 927 519 Λακεδαιμόνιοι
940 443 970 503 δὲ

156 567 158 572 ·
171 531 322 608 πυθόμενοι
331 531 407 607 ἥκειν
416 531 600 607 Ἀλέξανδρον
610 536 637 593 ές
649 529 769 606 Ἀθήνας
779 535 807 592 ές
816 529 970 612 ὁμολογίην

156 618 273 689 Ιι’ίξοντα
286 623 324 698 τῷ
337 619 477 697 βαρβάρῳ
490 619 660 694 Ἀθηναίους,
676 616 899 694 ἀναμνησθέντες
915 622 969 678 τῶν

173 709 284 788 λογίων,
298 706 333 770 ὥς
346 715 438 782 σφεας
450 706 534 784 χρεόν
548 711 609 766 ε’στι
622 705 680 782 ἅμα
693 709 770 764 τοῖσι
783 704 901 765 ἄλλοισι
909 712 969 764 Δω-

170 801 261 873 ριεῦσι
272 796 413 855 ἐκπίπτειν
423 799 453 852 ε’κ
464 793 685 869 Πελοποννήσου
694 791 749 853 ύπδ
763 793 867 869 Μήδων
879 819 910 852 τε
923 796 969 853 καὶ

170 881 331 958 Ἀθηναίων,
354 881 441 958 κάρτα
461 908 492 941 τε
514 882 622 941 ἔδεισαν
643 883 684 959 μή
706 881 907 962 ὁμολογήσων
930 888 969 962 τῷ

172 972 272 1050 Πέρση
282 970 433 1046 Ἀθηναῖοι,
445 969 543 1030 αὐτίκα
555 971 587 1029 τέ
599 975 656 1045 σφι
670 970 745 1039 ἔδοξε
759 971 876 1045 πέμπειν
886 969 968 1051 ἀγγέ-

171 1062 247 1122 λους·
267 1059 311 1118 καὶ
331 1057 365 1134 δή
382 1060 533 1119 συνέπιπτε
554 1058 626 1118 ὥστε
642 1055 716 1135 όμοΰ
730 1056 826 1133 σφέων
840 1058 968 1138 γίνεσθαι

172 1147 223 1223 τήν
242 1147 424 1208 κατάστασιν·
447 1148 626 1223 ἐπανέμειναν
640 1145 697 1225 γάρ
710 1148 737 1204 οἱ
752 1144 895 1220 Ἀθηναῖοι
911 1145 968 1205 δια-

171 1236 324 1312 τρίβοντες,
334 1234 364 1295 εὖ
377 1234 556 1312 ἐπιστάμενοι
570 1233 614 1293 ὅτι
627 1235 747 1310 ἔμελλον
757 1233 968 1310 Λακεδαιμόνιοι

171 1324 326 1383 πεύσεσθαι
343 1322 447 1398 ἥκοντα
463 1323 539 1399 παρὰ
553 1327 603 1382 τοῦ
619 1321 771 1398 βαρβάρου
786 1321 909 1402 ἄγγελον
925 1323 967 1382 ἔπ’

172 1410 319 1492 ὁμολογίῃ,
336 1412 490 1487 πυθόμενοί
504 1436 536 1470 τε
553 1411 675 1488 πέμψειν
691 1409 762 1470 κατά
781 1409 867 1488 τάχος
886 1409 967 1491 α’γγέ-

172 1501 248 1562 λοος·
270 1499 394 1574 ε’πίτηδες
407 1499 443 1558 ὦν
453 1499 569 1568 ε’ποίευν,
583 1497 781 1574 ἐνδεικνύμενοι
792 1501 868 1556 τοῖσι
880 1504 967 1557 Λακε·

127 1588 183 1645 142
193 1586 360 1662 δαιμονίοισι
373 1586 425 1661 τήν
444 1590 548 1646 ἑωυτῶν
563 1585 685 1666 γνώμην.
721 1585 770 1647 Ὡς
783 1586 812 1644 δὲ
826 1585 967 1644 ἐπαύσατο

172 1673 262 1753 λέγων
267 1673 459 1750 Ἀλέξανδρος,
470 1673 658 1750 διαδεξάμενοι
667 1676 764 1755 ἔλεγον
773 1677 800 1732 οἰ
809 1672 865 1732 οἷπὸ
876 1671 967 1749 Σπάρ-

172 1787 221 1837 της
234 1759 360 1842 ἄγγελοι·
395 1773 411 1796 “
420 1761 507 1838 ήμέας
520 1762 549 1820 δὲ
563 1763 689 1840 ἔπεμψαν
701 1759 915 1838 Λακεδαιμόνιοι
927 1761 968 1820 δε·

172 1849 326 1924 ησομένους
338 1848 436 1926 ύμέων,
450 1850 521 1926 μήτε
537 1850 669 1927 νειίσερον
681 1851 785 1910 ποιέειν
799 1849 885 1928 μηδὲν
898 1851 969 1910 κατά

172 1937 224 2012 τήν
235 1936 370 2008 Ἐλλάδα,
379 1937 450 2015 μήτε
462 1937 565 2020 λόγους
578 1938 736 1998 ἐνδέκεσθαι
748 1937 825 2016 παρά
838 1942 888 2022 τοῦ
898 1938 967 2016 βαρ-

172 2023 274 2102 βάρου·
289 2024 352 2085 ούτε
364 2025 421 2107 γάρ
435 2027 540 2086 δίκαιον
551 2025 677 2103 οὐδαμῶς
688 2025 752 2085 οὔτε
765 2026 872 2102 κόσμον
883 2026 969 2103 φέρον

174 2113 237 2174 οὔτε
249 2140 282 2194 γε
295 2113 413 2174 άλλοισι
425 2114 569 2190 Ἑλλήνων
583 2114 740 2190 οὐδαμοῖσι,
754 2113 820 2190 ύμῖν
833 2115 863 2173 δέ
876 2114 909 2190 δή
924 2116 970 2174 καὶ

174 2201 220 2262 διά
240 2202 349 2262 πάντων
371 2203 482 2278 ἥκιστα,
504 2205 620 2262 πολλῶν
640 2203 739 2260 εἵνεκα·
769 2203 891 2283 ε’γείρατε
914 2202 969 2284 γῶρ

173 2288 254 2349 τόνδε
271 2290 320 2350 τόν
335 2290 461 2368 πόλεμον
476 2289 561 2366 ὑμεῖς,
578 2288 658 2349 οὐδὲν
672 2287 765 2366 ήμέων
780 2291 968 2367 βουλομένων,

176 2377 298 2452 καὶπερὶ
313 2381 363 2452 τῆς
375 2377 507 2455 ὑμετέρης
520 2375 609 2456 ἀρχῆς
623 2376 639 2438 ὁ
652 2375 727 2459 α’γῶν
741 2378 859 2458 ἐγένετο·
880 2381 928 2438 νῦν
941 2377 971 2436 δὲ

176 2466 256 2540 φέρει
269 2465 316 2522 καὶ
329 2468 356 2528 ές
369 2469 465 2524 πᾶσαν
477 2465 529 2542 τήν
540 2465 677 2526 Ἑλλάδα.
719 2465 812 2528 ἄλλως
823 2491 855 2526 τε
868 2465 971 2525 τούτων

174 2551 303 2611 ἁπάντων
316 2552 419 2614 αἰτίους
431 2553 564 2633 γένεσθαι
577 2553 748 2628 δουλοσύνης
760 2557 837 2613 τοῖσι
844 2551 972 2629 Ἕλλησι

174 2637 346 2714 Ἀθηναίους,
363 2639 487 2717 ούδαμιῶς
505 2641 670 2719 ἀνασχετόν·
698 2641 796 2704 οἵτινες
808 2640 862 2699 αἰεὶ
878 2644 924 2700 καί
939 2641 972 2700 τό

176 2726 266 2788 πάλαι
279 2728 415 2801 φαίνεσθε
428 2729 554 2792 πολλούς
567 2728 801 2804 ἐλευθερώσαντες
813 2727 973 2806 ἀνθρώπων·

175 2815 378 2891 πιεζευμένοισι
391 2816 484 2893 μέντοι
498 2813 563 2892 ύμῖν
576 2815 782 2895 συναχθόμεθα,
795 2816 841 2875 καὶ
853 2816 897 2876 ὅτι
911 2842 974 2894 καρ-

176 2906 237 2962 πῶν
259 2902 427 2979 ἐστερήθητε
449 2903 528 2972 διξῶν
549 2903 602 2979 ήδη
629 2905 675 2962 καὶ
702 2904 745 2964 ὅτι
768 2904 974 2982 οἰκοφθόρησθε

176 2990 279 3070 χρόνον
294 2989 348 3066 ἥδη
369 2991 488 3050 πολλόν·
509 2990 571 3049 α’ντὶ
587 2990 691 3050 τούτων
707 2993 736 3050 δὲ
756 2991 822 3067 ύμῖν
841 2991 974 3050 Λακεδαι-

177 3077 272 3154 μόνιοί
287 3103 319 3138 τε
336 3079 383 3138 καὶ
400 3082 427 3137 οἱ
444 3078 591 3154 σύμμαχοι
607 3080 832 3159 ἐπαγγέλλονται
844 3077 976 3160 γυναῖκάς

178 3190 209 3224 τε
231 3167 277 3224 καὶ
298 3165 334 3225 τοί
356 3171 383 3228 ε’ς
404 3165 530 3241 πόλεμον
553 3163 683 3243 ἄχρηστα
711 3167 835 3226 οἰκετέων
857 3167 976 3247 ἐχόμενα

179 3252 271 3312 πάντα
285 3253 450 3332 ἐπιθρέψειν,
461 3252 518 3311 ἔστ’
532 3250 566 3312 ιίν
579 3252 595 3312 ὁ
608 3253 732 3330 πόλεμος
745 3253 792 3313 ὅδε
806 3253 973 3331 συνεστήκῃ.

1115 149 1122 180 ἰ
