2278 3538
187 153 235 200 ιιι
488 147 678 194 ἰινοιυτον
910 143 986 207 [vn.

186 228 220 288 τὰ
233 227 314 304 οὖρος
325 229 382 286 πᾶν
394 225 440 284 ἐὰν
453 223 540 301 δρυῶν
551 223 693 282 ἐπίπλεον·
710 222 745 300 ἦν
758 226 810 301 μέν
820 222 854 300 δη
865 225 988 301 νηνεμίη,

187 315 282 394 ψόφου
307 315 336 373 δέ
355 315 501 394 γινομένου
525 315 636 372 πολλοῦ
658 310 693 374 αῖς
717 312 792 373 οἰκός
816 310 852 388 ἦν
872 311 988 388 φύλλων

186 402 396 481 ὑποκεχυμένων
418 401 473 461 ὑπό
493 406 569 462 τοῖσι
593 401 672 468 ποσὶ,
694 399 746 459 άνά
769 426 799 460 τε
824 401 942 477 ἔδραμον
962 405 990 461 οῖ

188 493 292 554 Φωκέες
309 491 356 550 καῖ
370 490 463 549 ἐδυντο
479 489 515 548 τά
531 489 615 560 ὅπλα,
632 489 677 546 καὶ
691 487 789 548 αὐτίκα
803 492 829 547 οἱ
842 489 990 567 βάρβαροι

188 583 329 656 παρῆσαν·
352 577 387 641 ὦς
405 579 434 637 δὲ
453 577 524 638 εἶδον
543 575 643 654 ἄνδρας
662 576 838 652 ἐνδυομένους
855 576 941 648 ὅπλα,
961 583 990 640 ἐν

188 668 295 744 θώματι
315 669 451 747 ἐγένοντο·
480 664 629 741 ἐλπόμενοι
649 665 705 745 γάρ
725 663 805 725 ούδέν
825 667 881 739 σφι
901 665 990 741 φανή-

188 757 292 815 σεσθαι
304 755 431 823 ἀντίξοον
444 753 612 828 ἐνεκύρησαν
625 755 747 832 στρατῷ·
764 754 883 814 ἐνθαῦτα
892 752 991 829 Ὑδάρ-

188 867 236 917 νης
250 841 463 918 καταρρωδήσας
476 842 516 918 μηῖ
531 846 557 900 οἱ
570 843 675 905 Φωκέες
689 842 754 900 ἔωσι
768 841 989 918 Λακεδαιμόνιοι,

189 930 277 1005 εἴρετο
290 929 339 990 τόν
352 929 506 990 Ἐπιάλτεα
520 929 646 993 ποδαπός
660 929 702 1005 είη
716 929 732 988 ὁ
746 929 882 1006 στρατός;
904 928 991 989 πυθό-

188 1043 270 1094 μενος
293 1019 322 1078 δέ
346 1017 485 1096 άτρεκέως,
511 1019 643 1078 διέτασσε
669 1016 735 1080 τούς
759 1019 874 1094 Πέρσας
901 1017 937 1082 οῖς
963 1022 991 1080 ἐς

188 1105 291 1186 μάχην·
313 1111 339 1166 οῖ
356 1109 384 1166 δέ
398 1109 511 1178 Φωκέες,
527 1107 563 1170 αῖς
576 1106 736 1183 ἐβάλλοντο
749 1110 825 1166 τοῖσι
838 1107 992 1182 τοξεύμασι

188 1196 329 1254 πολλοῖσί
339 1221 369 1254 τε
383 1197 429 1256 καὶ
441 1199 581 1264 πυκνοῖσι,
596 1196 707 1274 οἴχοντο
719 1194 868 1274 φεύγοντες
881 1194 927 1252 ἐπὶ
940 1195 992 1254 τοῦ

190 1281 284 1360 ούρεος
308 1282 358 1344 τόν
384 1284 536 1361 κόρυμβον,
562 1282 743 1360 ἐπιστάμενοι
770 1282 805 1346 υῖς
830 1284 874 1342 ἐπὶ
899 1283 992 1357 σφέας

190 1369 361 1448 ὁρμήθησαν
382 1371 480 1450 ἀρχὴν,
502 1373 548 1430 καῖ
567 1371 793 1448 παρεσκευάδατο
815 1370 850 1432 (ὃς
870 1368 991 1429 άπολεό-

189 1483 276 1534 μενοι·
304 1457 380 1519 οὗτοι
402 1463 454 1536 μὲν
478 1459 512 1535 δὴ
535 1463 623 1518 ταῦτα
646 1457 788 1536 ἐφρόνεον,
811 1461 838 1516 οἱ
861 1457 902 1516 δὲ’
916 1456 993 1533 α’μφὶ

189 1543 341 1604 Ἐπιάλτεα
361 1549 406 1604 καὶ
419 1546 552 1622 Ὑδάρνεα
568 1545 680 1622 Πέρσαι
695 1546 810 1605 Φωκέων
826 1548 877 1622 μέν
893 1543 993 1604 οὐδένα

190 1631 277 1711 λόγον
301 1637 451 1700 ἐποιεῦντο,
473 1636 499 1690 οἶ
523 1633 552 1691 δὲ
574 1634 740 1710 κατέβαινον
759 1633 794 1694 τό
819 1632 900 1710 οὖρος
921 1629 993 1692 κατά

190 1718 284 1798 τάχος.

144 1808 202 1866 219
231 1810 314 1868 Τοῖσι
326 1809 357 1868 δέ
369 1813 398 1869 ἐν
410 1808 614 1887 Θερμοπύλῃσι
627 1813 706 1869 ἐοῦσι
717 1808 871 1885 Ἑλλήνων,
881 1812 994 1886 πρῶτον

190 1897 242 1972 μὲν
262 1895 278 1956 ὁ
298 1895 396 1973 μάντις
416 1896 574 1976 Μεγιστίης
595 1896 694 1956 ἐσιδών
714 1901 741 1958 ἐς
760 1897 797 1956 τά
819 1897 864 1973 ἱρά
884 1898 994 1972 ἔφρασε

191 1983 240 2044 τόν
253 1986 397 2060 μέλλοντα
413 1984 531 2044 ἔσεσθαι
548 1983 607 2062 ἅμα
619 1983 667 2061 ἠοῖ
680 1991 735 2061 σφι
752 1985 880 2046 θάνατον·
901 1984 947 2043 ἐπὶ
963 1984 993 2042 δὲ

193 2072 238 2130 καὶ
254 2071 407 2149 αὐτόμολοι
419 2071 506 2148 ἤϊσαν
519 2075 546 2133 οῖ
565 2073 774 2153 ἐξαγγείλαντες
790 2077 845 2132 τῶν
859 2072 994 2149 Περσέων

192 2159 243 2236 τήν
256 2162 394 2239 περίοδον·
415 2161 492 2222 οὗτοι
503 2165 556 2238 μέν
570 2165 609 2220 ἐτι
623 2161 720 2223 νυκτός
732 2159 884 2238 ἐσήμηναν·
904 2160 994 2236 τρίτοι

193 2247 223 2307 δέ
243 2252 270 2307 οῖ
289 2249 481 2326 ἡμεροσκόποι
502 2248 723 2325 καταδραμόντες
742 2246 800 2308 άπό
819 2251 874 2308 τοῖν
894 2245 992 2324 άκρων,

192 2335 246 2412 ἤδη
258 2337 459 2413 διαφαινούσης
476 2337 590 2414 ἡμέρης.
626 2337 743 2396 ἐνθαῦτα
763 2335 948 2412 ἐβουλεύοντο
967 2339 994 2395 οἳ

187 2423 335 2499 Ἕλληνες,
357 2425 406 2484 καί
423 2431 519 2498 σφεων
540 2425 686 2502 ἐσχίζοντο
706 2428 735 2484 αῖ
755 2428 871 2505 γνοῖμαι·
897 2427 924 2484 οῖ
942 2427 994 2499 μέν

192 2511 248 2592 γάρ
269 2512 319 2571 οὐκ
340 2514 389 2572 ἔων
408 2511 460 2587 τήν
480 2511 559 2582 τάξιν
580 2517 712 2583 ἐκλιπεῖν,
734 2517 760 2572 οἱ
781 2513 810 2572 δέ
831 2513 993 2573 ἀντέτεινον·

192 2598 264 2674 μετοὶ
285 2600 314 2658 δὲ
333 2603 417 2660 τοῦτο
438 2601 629 2677 διακριθέντες,
651 2604 677 2662 οἱ
698 2603 749 2678 μέν
769 2600 995 2660 ἀπαλλάσσοντο

193 2688 239 2744 καὶ
257 2687 502 2750 διασκεδασθέντες
521 2688 591 2748 κατά
605 2688 688 2751 πόλις
705 2689 819 2748 ἔκαστοι
833 2688 995 2764 ἐτράποντο,

194 2777 221 2834 οῖ
239 2775 269 2833 δὲ
288 2774 378 2836 αὐτῶν
395 2773 455 2854 ἅμα
470 2777 594 2855 Λεωνίδη
608 2777 699 2853 μένειν
716 2775 801 2837 αὐτοῦ
819 2775 995 2853 παρασκευά-

146 2865 205 2923 220
214 2862 291 2923 δατο.
325 2866 445 2945 Λέγεται
464 2864 493 2923 δέ
508 2863 544 2928 οῖς
560 2864 643 2928 αὐτός
656 2872 748 2940 σφεας
761 2863 909 2941 άπέπεμψε
922 2869 996 2922 Λειο-

194 2951 276 3028 νίδης,
290 2953 330 3028 μη
347 2951 507 3013 ἀπόλωνται
524 2952 682 3028 κηδόμενος·
704 2952 777 3031 αύτῷ
791 2954 820 3012 δέ
839 2953 884 3011 καὶ
903 2953 996 3028 Σπαρ-

194 3041 309 3116 τιητέων
318 3044 395 3100 τοῖσι
407 3043 545 3115 παρεοῦσι
558 3037 608 3096 οὐκ
622 3039 695 3116 ἔχειν
706 3039 861 3116 εὐπρεπέως
874 3043 998 3098 ἐκλιπεῖν

195 3127 247 3202 τὴν
262 3128 340 3198 τάξιν
358 3132 386 3190 ἐς
403 3127 455 3201 τὴν
475 3124 566 3200 ἦλθαν
583 3125 755 3200 φυλάξοντες
776 3126 875 3205 ἀρχήν.
909 3126 998 3203 ταύτῃ

198 3216 243 3272 καὶ
260 3220 373 3290 μᾶλλον
386 3218 422 3291 τῇ
435 3212 531 3293 γνώμη
545 3212 680 3274 πλεῖστός
697 3217 760 3289 εἶμι,
775 3214 923 3288 Λεωνίδην,
937 3212 999 3271 ἐπεί

197 3325 228 3360 τε
245 3300 351 3378 ᾔσθετο
370 3301 436 3362 τούς
454 3297 621 3374 συμμάχους
640 3298 733 3361 ἐόντας
751 3299 931 3375 ἀπροθύμους
952 3301 997 3358 καὶ
