2276 3538
175 125 221 180 ιιι
474 122 655 172 υτοιοτου
899 123 975 189 [vn.

178 205 339 284 λεγομένης,
359 203 405 262 καὶ
426 201 554 281 κήρυγμα
574 199 681 260 τοιόνδε
700 202 876 279 ποιευμένων,
895 203 978 267 εἴτις

178 291 315 368 βούλοιτο
331 290 555 367 Λακεδαιμονίων
570 287 625 365 πρδ
642 291 693 364 τῆς
709 288 839 364 Σπάρτης
858 288 979 366 ἀποθνή-

179 405 266 448 σκειν,
271 377 409 456 Σπερθίης
416 403 447 436 τε
456 377 472 436 ὁ
480 375 649 453 Ἀνηρίστου
658 376 704 434 καὶ
713 375 834 438 Βοῦλιςό
843 375 978 447 Νικόλεω,

180 465 275 544 ἄνδρες
295 467 476 544 Σπαρτιῆται,
495 464 582 540 φύσει
597 490 628 522 τε
644 463 789 545 γεγονότες
807 463 835 524 εὖ
855 465 900 523 καὶ
913 466 978 544 χρήὲ

181 581 254 631 μασι
269 554 417 630 ἀνήκοντες
438 558 466 616 ές
486 552 521 612 τά
544 555 649 630 πρῶτα,
674 553 817 612 ἐθελονταὶ
839 551 980 613 ύπέδυσαν

179 642 279 718 ποινήν
302 646 381 701 τῖσαι
402 641 493 720 Ξέρξη
514 644 569 700 τῶν
591 640 722 716 Δαρείου
734 639 857 717 κηρύκων
876 644 931 701 τῶν
951 647 980 702 έν

181 730 296 809 Σπάρτη
316 729 506 805 ἀπολομένων·
534 727 605 788 οὕτω
626 731 799 805 Σπαρτιῆται
815 728 928 792 τούτους
945 730 980 810 ὦς

135 822 191 876 135
200 817 438 893 ἀποθανευμένους
456 821 483 880 ές
501 816 616 892 Μήδους
629 814 806 894 ἀπέπεμψαν.
834 815 911 892 Αὕτη
922 843 952 874 τε
963 822 980 892 ἡ

180 905 273 981 τόλμα
287 905 391 965 τούτων
406 908 461 964 τῶν
478 903 584 982 ἀνδρῶν
603 904 730 980 θώματος
751 903 823 979 ἀξίη,
849 904 895 962 καὶ
914 905 979 964 τάδε

180 992 251 1070 πρός
266 993 392 1052 τούτοισι
410 993 446 1052 τά
466 993 541 1051 ἔπεα·
563 992 743 1069 πορευόμενοι
760 991 815 1072 γάρ
833 995 860 1055 ἔς
874 993 978 1062 Σοῦσα,

181 1081 356 1142 ἀπικνέονται
378 1081 456 1158 παραὶ
473 1079 616 1157 Ὑδάρνεα·
640 1080 655 1139 ὁ
678 1081 707 1139 δὲ
722 1079 857 1156 Ὑδάρνης
874 1077 909 1156 ἦν
929 1083 980 1157 μὲν

180 1171 260 1251 γένος
281 1171 403 1247 Πέρσης,
425 1167 583 1249 στρατηγός
607 1168 637 1226 δὲ
660 1171 715 1227 τῶν
738 1169 980 1244 παραθαλασσίων

182 1258 331 1336 ἀνθρώπων
350 1262 405 1318 τῶν
422 1263 450 1318 ε’ν
465 1262 501 1336 τῇ
516 1256 609 1336 Ἀσίη·
640 1256 670 1318 ὅς
685 1262 785 1332 σφεας,
807 1256 893 1326 ξείνια
914 1283 979 1333 προ-

182 1347 303 1423 θέμενος,
332 1347 431 1407 εἱστία·
466 1346 585 1416 ξεινίζων
609 1345 646 1413 δὲ,
675 1346 762 1420 εἴρετο
790 1345 880 1426 λέγων
905 1345 978 1403 τάδε·

181 1447 198 1471 “
207 1434 303 1513 ἀνδρες
317 1434 538 1511 Λακεδαιμόνιοι,
551 1434 582 1492 τί
593 1432 626 1508 δή
641 1432 759 1514 φεύγετε
769 1434 890 1510 βασιλέϊ
900 1435 981 1508 φίλοι

181 1525 326 1604 γενέσθαι;
349 1523 431 1600 ὁρᾶτε
444 1522 498 1602 γάρ
513 1520 548 1584 ιός
562 1523 708 1580 ἐπίσταται
725 1520 864 1596 βασιλεύς
881 1520 981 1598 ἀνδρας

182 1610 303 1691 ἀγαθούς
316 1615 408 1687 τιμᾶν,
424 1615 450 1672 ἐς
465 1609 514 1686 ε’μέ
525 1635 556 1668 τε
570 1609 615 1667 καὶ
628 1608 663 1668 τά
677 1609 730 1686 ε’μά
744 1610 895 1690 πρήγματα
913 1608 981 1668 ἀπο·

181 1699 347 1774 βλέποντες·
362 1698 432 1756 οὕτω
446 1697 479 1773 δή
494 1697 539 1756 καὶ
552 1696 630 1773 ύμεῖς
644 1701 667 1756 εἰ
681 1697 771 1774 δοίητε
785 1697 870 1773 ύμέας
884 1696 982 1761 αύτούς

182 1787 310 1862 βασιλέϊ,
338 1785 492 1856 δεδόξωσθε
515 1786 570 1866 γάρ
592 1784 663 1862 πρός
684 1785 768 1845 αὐτοῦ
796 1784 891 1857 ἄνδρες
914 1786 982 1846 εἶναι

183 1873 291 1955 ἀγαθοὶ,
307 1875 424 1938 ἕκαστος
437 1872 470 1934 ἂν
480 1873 569 1950 ύμέων
579 1873 662 1952 ἀρχοι
670 1878 722 1956 γῆς
731 1873 877 1943 Ἑλλάδος,
888 1873 982 1938 δόντος

183 1963 346 2039 βασιλέος.”
359 1962 429 2039 πρός
438 1967 526 2022 ταῦτα
538 1962 717 2039 ἀπεκρίναντο
728 1962 802 2022 τάδε·
817 1963 981 2040 “Ὑδαρνες,
1036 2000 1038 2006 v

184 2051 233 2110 ούκ
256 2053 286 2122 ἐξ
306 2053 370 2112 ἴσου
391 2051 496 2131 γίνεται
517 2051 535 2127 ή
557 2052 720 2127 συμβουλίη
740 2050 758 2127 ή
780 2057 807 2114 ἐς
827 2051 914 2128 ἡμέας
929 2053 982 2109 τεί-

183 2167 281 2200 νουσα·
301 2144 351 2200 τοῦ
364 2142 415 2218 μὲν
427 2139 483 2221 γάρ
496 2140 695 2216 πεπειρημένος
706 2138 918 2215 συμβουλεύεις,
932 2143 981 2198 τοῦ

184 2228 214 2288 δὲ
227 2228 338 2307 άπειρος
353 2229 412 2288 εἰύν·
433 2228 466 2288 τό
479 2230 531 2304 μὲν
543 2227 597 2308 γάρ
612 2227 713 2308 δοῦλος
730 2226 798 2285 εἶναι
817 2227 981 2296 ἐξεπίστεαι,

187 2319 343 2393 ἐλευθερίης
356 2317 386 2375 δὲ
400 2315 470 2376 οὔκω
481 2315 634 2392 ἐπειρήθης,
646 2313 701 2374 οὔτ’
716 2319 739 2373 εἰ
754 2316 814 2374 ἔστι
823 2313 912 2396 γλυκύ
927 2313 982 2373 οὔτ’

188 2409 210 2463 εἰ
222 2405 272 2480 μή·
294 2410 318 2464 εἶ
330 2405 384 2485 γάρ
404 2403 488 2479 αὐτῆς
503 2403 661 2480 πειρήσαιο,
679 2401 728 2462 ούκ
745 2402 779 2463 ἂν
796 2402 895 2480 δόρασι
911 2429 980 2480 συμ-

186 2491 333 2568 βουλεύοις
359 2492 426 2568 ήμῖν
449 2491 514 2568 περὶ
541 2489 627 2565 αύτῆς
653 2489 805 2569 μάχεσθαι,
833 2490 910 2550 ἀλλά
938 2491 982 2549 καὶ

139 2581 195 2639 136
205 2578 362 2638 πελέκεσι.”
376 2581 470 2638 Ταῦτα
478 2581 530 2654 μὲν
538 2577 671 2655 Ὑδάρνεα
681 2577 843 2655 ἀμείψαντο·
859 2579 983 2638 ε’νθεῦτεν

185 2665 215 2724 δὲ
240 2664 275 2728 ιός
302 2665 446 2741 ἀνέβησαν
468 2670 494 2728 ἔς
510 2666 619 2729 ΔΣοῦσα
646 2665 691 2723 καὶ
718 2664 839 2741 βασιλέϊ
867 2670 894 2726 ἐς
917 2663 983 2742 ὄψιν

183 2753 281 2828 ἦλθον,
302 2758 398 2831 πρῶτα
418 2756 470 2830 μὲν
489 2757 544 2814 τῶν
565 2751 724 2829 δορυφόρων
747 2750 913 2812 κελευόντων
937 2754 983 2812 καὶ

185 2841 308 2924 ἀνάγκην
331 2848 387 2918 σφι
410 2840 629 2920 προσφερόντων
648 2841 828 2916 προσκυνέειν
854 2843 982 2917 βασιλέα

185 2932 421 3009 προσπίπτοντας,
436 2929 486 2990 ούκ
506 2931 624 3006 ἔφασαν,
640 2927 788 3007 ὠθεόμενοι
806 2929 876 3007 πρός
894 2928 983 2990 αύτῶν

185 3019 230 3077 ἐπὶ
244 3018 379 3096 κεφαλήν,
394 3017 522 3094 ποιήσειν
539 3021 627 3078 ταῦτα
643 3016 761 3093 αύδαμά·
783 3015 846 3077 ούτε
858 3017 913 3098 γάρ
928 3023 983 3092 σφι

185 3113 214 3168 ε’ν
240 3108 315 3188 νόμω
343 3107 412 3168 εἶναι
438 3105 583 3184 ἄνθρωπον
609 3107 798 3183 προσκυνέειν,
826 3105 889 3166 ούτε
913 3104 983 3162 κατά

183 3201 271 3255 ταῦτα
280 3196 365 3273 ἥκειν·
381 3196 415 3259 ὥς
426 3195 455 3254 δὲ
465 3193 680 3272 ἀπεμαχέσαντο
693 3198 785 3263 τοῦτο,
800 3191 913 3267 δεύτερά
927 3195 982 3264 σφι

185 3285 302 3360 λέγουσι
315 3285 380 3344 τάδε
390 3285 436 3344 καὶ
446 3282 534 3361 λόγου
544 3281 651 3342 τοιοῦδε
662 3282 788 3360 ε’χόμενα,
801 3291 817 3315 “
827 3278 847 3338 ὦ
856 3279 982 3354 βασιλεῦ
