2262 3534
161 119 209 166 ιυυ
468 119 651 167 Ἦνοιουοι
896 111 958 182 [IX.

160 197 215 277 γιέρ
228 200 267 274 τῷ
280 200 361 274 κοινῷ
375 197 420 255 καὶ
439 197 618 274 ἐμηδίσαμεν,
634 195 696 254 οῦδὲ
708 200 807 272 μοῦνοι
822 195 915 272 ἡμέες·
936 201 961 256 εἰ

160 283 191 342 δὲ
216 282 308 360 ἡμέων
339 283 465 359 α’ληθέως
494 284 618 361 δεόμενοι
648 284 854 361 πολιορκέουσι,
880 283 961 362 ἡμεῖς

158 369 246 446 ἡμέας
262 371 361 435 αῦτοῦς
380 377 407 434 ἐς
428 371 589 453 ἀντιλογίην
605 371 786 448 παρέξομεν.”
826 371 914 449 κάρτα
928 399 961 432 τε

161 458 237 529 ἔδοξε
247 460 276 519 εῦ
289 462 389 541 λέγειν,
405 461 450 520 καὶ
465 467 492 523 ἐς
506 461 609 536 καιρόν·
630 459 727 518 αὐτίκα
739 485 770 518 τε
783 459 960 537 ἐπεκηρυκεῦ·
1001 469 1012 479 “

162 573 226 607 οντο
239 548 309 624 πρός
323 549 486 623 Παυσανίην
500 551 528 606 οἱ
539 549 672 623 Θηβαῖοι,
686 547 813 610 θέλοντες
826 546 963 608 ἐκδιδόναι

114 637 153 695 88
161 634 225 698 τοῦς
252 635 359 712 ἄνδρας.
401 635 449 697 Ὡς
476 635 505 693 δέ
532 635 721 716 ὡμολόγησαν
754 636 806 695 ε’ττὶΙ
826 634 961 705 τούτοισι,

161 723 324 803 Ἀτταγῖνος
335 727 386 798 μὲν
400 722 571 798 ἐκδιδρήσκει
586 729 617 781 ἐκ
625 726 676 781 τοῦ
688 721 798 786 ἄστεος·
818 724 918 786 παῖδας
931 723 963 782 δὲ

163 810 247 869 αῦτοῦ
267 809 441 887 ἀπαχθέντας
462 811 626 885 Παυσανίης
646 809 772 870 οἷπέλυσε
791 816 841 886 τὴς
865 812 962 887 αἰτίης,

162 897 219 972 φός
237 901 287 957 τοῦ
307 897 450 974 μηδισμοῦ
473 898 574 960 παῖδας
601 896 678 957 οῦδὲν
702 899 771 958 εἶναι
796 899 962 975 μεταιτίους·

161 985 226 1048 τοῦς
239 985 268 1044 δέ
281 983 386 1048 ἄλλους
403 983 502 1063 ἄνδρας
521 986 586 1048 τοῦς
603 985 734 1055 ἐξέδοσαν
750 990 776 1045 οἱ
789 989 920 1062 Θηβαῖοι,
935 991 963 1046 οἶ

161 1075 213 1150 μὲν
227 1072 335 1134 ἐδόκεον
348 1073 507 1154 ἀντιλογίης
524 1101 556 1133 τε
574 1073 712 1152 κυρήσειν,
727 1075 772 1132 καὶ
786 1074 820 1149 δὴ
833 1075 963 1152 χρήμασι

163 1164 348 1222 ἐπεποίθεσαν
369 1163 541 1222 διωθέεσθαι·
573 1163 590 1222 ὁ
609 1162 640 1220 δέ
659 1161 694 1224 (ῦς
714 1164 871 1239 παρέλαβε,
892 1161 963 1221 αὐτό

162 1254 250 1309 ταῦτα
269 1250 417 1320 ὑπονοέων,
436 1250 488 1325 τὴν
508 1249 644 1327 στρατιὴν
661 1250 713 1325 τὴν
731 1253 786 1310 τῦν
807 1243 964 1328 συμμάχων

164 1336 278 1398 ἅπασαν
304 1337 402 1415 όπὴκε,
431 1340 476 1396 καὶ
504 1341 621 1401 ἐκείνους
644 1337 756 1418 α’γαγιῦν
777 1343 803 1402 ἐς
824 1337 965 1415 Κόρινθον

164 1425 313 1503 διέφθειρε.
350 1433 441 1488 ’ταῦτα
453 1426 554 1502 μέντεῖ
567 1430 774 1504 ἐνΠλαταιῇσι
787 1427 833 1484 καὶ
845 1425 964 1504 Θήβησι
998 1422 1001 1428 ’

163 1513 307 1593 γενόμενα.

118 1603 156 1660 89
204 1599 380 1676 Ἀρτάβαζος
392 1601 421 1658 δὲ
435 1601 452 1659 ὁ
464 1601 619 1676 Φαρνάκεος
634 1599 744 1680 φεύγων
758 1605 789 1659 ἐκ
798 1602 966 1663 Πλαταιέων

166 1687 212 1746 καὶ
235 1687 269 1762 δὴ
296 1688 342 1746 καὶ
362 1687 462 1763 πρόσω
481 1687 595 1766 ἐγίνετο·
630 1686 798 1762 ἀπικόμενον
818 1687 850 1745 δέ
866 1714 915 1764 μιν
936 1691 966 1751 οἱ

165 1775 313 1834 Θεσσαλοὶ
335 1773 411 1850 παρὰ
434 1774 526 1849 σφέας
553 1775 603 1832 ἐπί
618 1799 648 1832 τε
669 1775 754 1843 ξείνια
774 1773 899 1846 ἐκάλεον,
917 1777 966 1834 καὶ

165 1861 326 1940 όνειρόσευν
356 1862 420 1940 περὶ
446 1867 496 1938 τὴς
522 1867 655 1939 στρατιῆς
680 1865 730 1936 τῆς
759 1860 857 1938 ἄλλης,
885 1862 967 1923 οὐδὲν

166 1950 346 2029 ἐπιστόμεναι
371 1953 426 2010 τιῦν
453 1955 481 2011 ἐν
509 1955 675 2030 Πλαταιῇσι
701 1951 863 2032 γενομένων·
892 1950 908 2010 ό
935 1951 967 2010 δέ

165 2040 352 2118 Ἀρτάβαζος,
375 2039 458 2122 γνοῦς
484 2039 527 2100 ότι
554 2043 581 2098 εἰ
604 2041 696 2099 ἐθέλοι
716 2045 772 2114 σφι
795 2043 892 2105 πᾶσαν
913 2039 968 2115 τὴν

166 2127 304 2205 ιῖληθηίην
323 2131 378 2188 τιῦν
398 2125 511 2208 ἆγοίνων
532 2133 624 2196 εἰπεῖν,
647 2127 728 2190 αῦτός
747 2153 779 2187 τε
799 2127 968 2188 κινδυνεύσει

165 2217 327 2278 ἀπολέσθαι
347 2217 392 2276 καὶ
413 2216 430 2276 ό
448 2217 508 2293 μετ’
523 2217 610 2276 αὐτοῦ
629 2217 758 2292 στρατός·
780 2215 969 2292 ἐπιθήσεσθαι

166 2305 221 2387 γόρ
235 2305 366 2366 οἷ’πόντα
379 2305 439 2365 τινοῖ
458 2306 531 2364 οἴετο
547 2304 752 2381 πυνθανόμενον
769 2304 804 2364 τό
819 2304 967 2386 γεγονότα·

166 2399 257 2453 ταῦτα
269 2393 486 2475 ἐκλογιζόμενος,
501 2393 565 2452 οῦτε
578 2393 649 2469 πρός
662 2393 727 2455 τοῦς
742 2393 853 2456 Φωκέας
872 2393 968 2473 ἐξαγόὲ

166 2507 229 2557 ρευε
253 2481 340 2551 οῦδὲν,
363 2481 434 2558 πρός
453 2508 485 2541 τε
507 2481 572 2544 τοῦς
594 2480 761 2544 Θεσσαλοῦς
787 2482 866 2561 ἔλεγε
891 2481 968 2540 τόδε·

168 2569 249 2649 ’(ἐγιῦ
264 2571 323 2644 μέν,
338 2568 361 2627 ὦ
378 2568 474 2644 ἄνδρες
489 2569 644 2641 Θεσσαλοὶ,
660 2569 695 2631 ὦς
710 2568 801 2645 ὁρᾶτε,
821 2568 971 2650 ἐπείγομαί

119 2665 130 2716 “.
167 2682 198 2715 τε
212 2655 282 2716 κατοὶ
294 2655 346 2731 τὴν
358 2657 496 2734 ταχίστην
510 2661 580 2716 ε’λιῦν
594 2662 621 2720 ἐς
636 2657 767 2734 Θρηίκην,
782 2657 827 2715 καὶ
841 2657 970 2732 σπουδὴν

169 2745 223 2824 ἔχω
240 2744 379 2820 πεμφθείς
399 2744 472 2802 κατά
488 2771 518 2802 τι
536 2749 654 2824 πρῆγμα
668 2749 699 2802 ἐκ
710 2748 763 2803 τοῦ
777 2745 971 2820 στρατοπέδου

168 2831 240 2911 μετό
252 2832 346 2892 τιῦνδε·
366 2831 449 2894 αὐτός
462 2831 491 2890 δὲ
504 2831 569 2908 ῦμῖν
582 2831 741 2908 Μαρδόνιος
759 2832 804 2890 καὶ
818 2832 833 2892 ό
847 2831 972 2909 στρατός

169 2921 262 2992 αὐτοῦ,
276 2918 356 2984 οὗτος
370 2920 439 2978 κατὰ
452 2919 539 2983 πόδας
558 2924 624 2996 ἐμεῦ
644 2920 764 2980 ἐλαύνων
780 2917 971 2998 προσδόκιμός

169 3015 241 3069 ἐστι·
256 3011 355 3069 τοῦτον
368 3007 413 3066 καὶ
427 3007 553 3078 ξεινίζετε
568 3009 613 3066 καὶ
628 3007 657 3066 εῦ
670 3012 810 3070 ποιεῦντες
823 3009 970 3084 φαίνεσθε·

170 3096 202 3164 οῦ
214 3097 269 3177 γᾶρ
282 3097 347 3173 ὑμῖν
361 3101 389 3159 ἐς
401 3094 504 3174 χρόνον
518 3100 605 3154 ταῦτα
623 3100 735 3156 ποιεῦσι
752 3093 968 3172 μεταμελὴσει.”

168 3188 256 3242 ταῦτα
272 3185 302 3243 δέ
318 3185 404 3252 εἴπας,
419 3183 558 3243 ἀπέλαυνε
579 3184 690 3262 σπουδῇ
705 3183 757 3259 τὴν
773 3181 908 3260 στρατιὴν
924 3181 971 3240 διό

169 3272 332 3346 Θεσσαλίης
348 3298 378 3332 τε
398 3272 638 3348 καὶ”Μακεδονίης
661 3271 704 3331 ι’θῦ
722 3275 771 3346 τὴς
788 3267 916 3345 Θρηίκης,
933 3267 970 3330 οἷς
