2276 3538
144 164 252 227 75-78]
488 163 599 212 ανλπα,
913 161 943 206 89

186 243 341 319 Κλεομένεϊ
359 243 415 323 γοὶρ
435 244 626 321 μαντευομένῳ
649 247 677 301 έν
702 243 846 316 Δελφοῖσι
864 238 990 317 ε’χρή-76

144 331 201 404 σθη
211 330 317 411 Ἀργος
335 330 471 407 αἱρήσειν.
513 331 575 388 ἐπεί
590 357 621 389 τε
638 329 667 388 δὲ
681 327 857 404 Σπαρτιήτας
870 326 944 408 ἄγων

144 417 259 478 ιίπίκετο
274 419 318 476 ε’πὶ
337 418 464 495 ποταμόν
477 419 634 496 Ἐρασῖνον,
650 417 680 480 ὃς
696 419 808 497 λέγεται
824 417 895 492 ῥέειν
914 421 943 474 ε’κ

143 505 193 582 τῆς
203 508 387 583 Στυμφηλίης
395 508 504 582 λίμνης·
521 506 583 584 (τήν
591 506 645 587 γὰρ
654 505 687 580 δή
697 506 799 580 λίμνην
807 504 909 578 ταύτην
918 509 944 566 ἔς

143 595 244 673 χάσμα
262 594 366 670 ἀφανὲς
389 595 551 654 ἐκδιδοῦσαν
567 594 773 670 ἀναφαίνεσθαι
792 597 821 651 έν
836 591 944 672 Ἄργεϊ,

143 683 176 742 τό
205 685 329 743 ἐνθεῦτεν
354 684 382 742 δὲ
409 684 441 742 τό
463 684 534 759 ὕδωρ
557 682 611 759 ἤδη
633 685 717 742 τοῦτο
743 680 789 740 ὕπ’
812 680 944 762 Ἀργείων

142 771 292 847 Ἐρασῖνον
303 773 476 849 καλέεσθαι)
491 771 657 849 ἀπικόμενος
671 770 694 830 δ’
708 769 745 830 ὦν
755 769 771 829 ὁ
782 770 945 845 Κλεομένης

144 854 190 912 ἐπὶ
210 852 259 918 τόν
279 853 407 930 ποταμόν
423 857 522 912 τοῦτον
540 854 727 934 ἐσφαγιάζετο
744 851 824 930 αὐτῷ,
846 851 892 909 καὶ
913 849 945 908 οὐ

142 941 197 1020 γὰρ
212 941 337 1018 οὐδαμῶς
350 938 509 1018 ἐκαλλιέρεε
522 941 675 1016 διαβαίνειν
688 967 744 1017 μιν,
759 938 883 1020 ἄγασθαι
893 940 945 1015 μὲν

145 1030 199 1104 ἔφη
219 1035 269 1088 τοῦ
289 1029 440 1106 Ἐρασίνου
461 1028 493 1088 οὗ
514 1029 692 1106 προδιδόντος
712 1028 776 1090 τούς
799 1026 944 1103 πολιήτας,

145 1109 286 1194 Ἀργείους
306 1119 401 1193 μέντοι
422 1117 477 1176 οὐδ’
496 1117 531 1180 ὣς
547 1117 703 1195 χαιρήσειν·
724 1116 795 1192 μετδ
811 1117 841 1175 δὲ
857 1121 944 1176 ταῦτα

147 1203 367 1280 ἐξαναχωρήσας,
388 1204 439 1278 τήν
461 1205 596 1280 στρατιήν
617 1205 756 1285 κατήγαγε
779 1210 805 1266 ές
828 1206 943 1280 Θυρέην·

146 1291 381 1370 σφαγιασάμενος
407 1291 437 1350 δὲ
463 1297 498 1370 τῇ
527 1291 663 1368 θαλάσσῃ
684 1297 794 1368 ταῦρον,
816 1293 945 1351 πλοίοισί

145 1385 239 1454 σφεας
253 1378 342 1460 ἤγαγε
365 1381 391 1442 ές
405 1405 436 1439 τε
457 1380 509 1454 τήν
530 1381 676 1456 Τιρυνθίην
695 1377 788 1457 χώρην
805 1381 850 1438 καὶ
870 1386 945 1439 Ναυ·

144 1469 242 1542 πλίην.
289 1468 411 1550 Ἀργεῖοι
433 1467 456 1527 δ’
471 1468 608 1544 ἐβοήθεον
629 1467 831 1544 πυνθανόμενοι
857 1471 990 1530 ταῦταΠ

145 1556 189 1613 ἐπὶ
203 1556 364 1616 θάλασσαν’
394 1557 430 1620 ὦς
443 1557 473 1616 δὲ
485 1555 576 1638 οἶγχοῦ
588 1559 640 1633 μὲν
654 1558 775 1637 ἐγίνοντο
789 1562 838 1632 τῆς
851 1559 944 1635 Τίρυν-

144 1645 192 1706 θος
212 1644 293 1724 χοίρῳ
320 1645 350 1704 δὲ
373 1650 401 1704 έν
421 1645 510 1724 τούτῳ
529 1649 568 1724 τῷ
588 1647 678 1705 κέεται
699 1645 807 1722 Σήπεια
831 1645 943 1724 οὕνομα,

143 1734 310 1810 μεταίχμιον
324 1733 355 1792 οὖ
369 1734 442 1814 μέγα
456 1733 640 1798 ἀπολιπόντες
655 1735 745 1806 ἵζοντο
763 1734 851 1794 ἀντίοι
868 1740 944 1794 τοῖσι

144 1821 399 1896 Λακεδαιμονίοισι.
429 1823 547 1882 ε’νθαῦτα
561 1823 595 1898 δή
610 1827 636 1882 οἱ
649 1823 772 1904 Ἀργεῖοι
785 1825 836 1898 τήν
849 1827 901 1900 μὲν
915 1829 945 1882 ἐκ

143 1912 194 1968 τοῦ
213 1914 335 1986 φανεροῦ
352 1909 447 1987 μάχην
466 1910 515 1969 οὐκ
535 1913 699 1987 ἐφοβέοντο,
719 1911 796 1970 ἀλλὰ
812 1912 852 1987 μή
871 1911 944 1990 δόλῳ

144 1998 299 2072 αἱρεθέωσι·
321 1997 435 2078 καὶγὰρ
449 1998 483 2073 δή
496 2006 552 2074 σφι
572 2005 599 2062 ἐς
611 2003 695 2058 τοῦτο
708 1998 741 2058 τό
755 2004 873 2078 πρῆγμα
887 2000 945 2078 εἶχε

144 2086 176 2142 τό
191 2085 363 2162 χρηστήριον
375 2087 408 2146 τό
423 2089 547 2146 ἐπίκοινα
560 2089 663 2164 ἔχρησε
680 2087 699 2161 ή
714 2088 806 2161 Πυθίη
820 2085 948 2145 τούτοισί

144 2197 174 2230 τε
188 2174 234 2231 καὶ
248 2175 427 2249 Μιλησίοισι,
442 2177 526 2256 λέγον
540 2173 600 2234 ὧδε·

239 2285 306 2333 Ἀλλ’
324 2289 383 2334 ὅταν
399 2289 414 2345 η
433 2289 518 2344 θήλεια
535 2287 577 2332 τὸν
594 2285 683 2346 ἄρσενα
701 2286 819 2342 νικήσασα

242 2359 354 2418 ἐξελάσῃ,
374 2361 414 2406 καὶ
431 2360 498 2406 κῦδος
515 2359 539 2406 ἐν
557 2357 702 2418 Ἀργείοισιν
718 2356 812 2418 ἄρηται,

242 2432 335 2478 πολλὰς
352 2430 467 2490 Ἀργείων
484 2430 648 2488 ἀμφιδρυφέας
665 2429 721 2475 τότε
739 2430 813 2487 θήσει1

242 2502 273 2550 ὥς
291 2503 352 2549 ποτέ
368 2519 404 2550 τις
422 2502 481 2561 έρέει
498 2502 538 2548 καὶ
556 2501 722 2558 ἐπεσσομένων
739 2501 875 2562 ἀνθρώπων,

241 2574 312 2622 δεινὸς
330 2574 382 2634 ὄφις
399 2575 530 2634 τριέλικτος
548 2571 660 2620 ἀπώλετο
678 2574 741 2635 δουρὶ
758 2575 892 2632 δαμασθείς.

143 2688 237 2744 Ταῦτα
252 2684 285 2761 δή
299 2683 390 2744 πάντα
404 2685 577 2744 συνελθόντα
589 2691 666 2745 τοῖσι
679 2685 833 2768 Ἀργείοισι
848 2688 944 2764 φόβον

143 2776 270 2852 παρεῖχε·
313 2773 358 2830 καὶ
379 2771 413 2848 δή
432 2779 488 2848 σφι
503 2772 574 2849 πρός
589 2779 678 2834 ταῦτα
694 2775 769 2844 ἔδοξε
789 2780 826 2855 τῷ
847 2776 944 2852 κήρυκι

143 2865 197 2918 τῶν
213 2862 355 2937 πολεμίων
370 2863 505 2939 χρᾶσθαι·
531 2860 615 2931 δόξαν
631 2862 662 2921 δέ
679 2869 743 2938 σφι,
761 2869 869 2926 ἐποίευν
888 2890 944 2923 τοι·

143 2948 214 3007 όνδε·
246 2947 315 3010 ὅκως
342 2946 357 3007 ὁ
386 2948 561 3025 Σπαρτιήτης
589 2949 680 3026 κήμυξ
701 2953 890 3027 προσημαίνοι
916 2976 944 3009 τι

142 3035 397 3112 Λακεδαιμονίοισι,
409 3039 516 3096 ἐποίευν
527 3038 572 3095 καὶ
583 3040 610 3096 οἱ
620 3036 742 3119 Ἀργεῖοι
752 3037 840 3097 τώυτό
851 3041 942 3096 τοῦτο.

143 3124 251 3184 Μαθιδν
272 3124 301 3183 δὲ
323 3123 339 3183 ὁ
361 3123 524 3202 Κλεομένης
547 3128 692 3188 ποιεῦντας
715 3125 779 3187 τούς
802 3123 944 3203 Ἀργείους
953 3127 991 3186 78

142 3211 237 3272 ὁκοῖόν
254 3211 314 3272 τιό
331 3213 468 3289 σφέτερος
487 3211 574 3289 κήρυξ
588 3211 729 3290 σημήνειε,
751 3210 943 3289 παραγγέλλει

142 3306 200 3375 σφι
221 3299 288 3360 ὅταν
309 3300 422 3378 σημήνῃ
443 3300 458 3359 ὁ
480 3299 567 3376 κήρυξ
583 3299 729 3358 ποιέεσθαι
742 3297 866 3374 ἄριστον,
880 3297 944 3358 τότε
