2262 3534
182 153 230 201 296
493 155 674 202 ἨΡΟΔΟΤΟΤ
920 151 983 216 [IX.

134 233 172 291 30
181 229 304 310 χιλιάδες
318 230 363 289 καὶ
377 231 553 294 ἑκατοντάδες
569 233 659 290 πέντε.
701 235 757 290 Τοῦ
774 232 803 290 δὲ
822 231 983 308 σύμπαντος

135 393 137 396 Ι
182 318 347 392 Ἑλληνικοῦ
371 322 420 378 τοῦ
445 319 630 382 συνελθόντος
654 324 681 382 ἐς
705 318 851 380 Πλαταιάς
875 317 929 378 σύν
951 347 983 380 τε

182 405 317 484 ὁπλίτῃσι
331 407 378 465 καὶ
391 411 503 484 ψιλοῖσι
516 411 593 467 τοῖσι
610 409 762 486 μαχίμοισι
779 407 873 466 ἕνδεκα
886 407 982 484 μυριά-

182 493 226 557 δες
238 493 319 569 ἦσαν,
335 497 401 570 μιῆς
413 495 540 574 χιλιάδος
556 495 626 572 πρὸς
645 495 674 553 δὲ
691 493 862 553 ὀκτακοσίων
878 493 983 572 ἀνδρῶν

183 582 375 641 καταδέουσαι·
407 582 460 641 σῦν
476 582 505 641 δέ
520 584 664 642 Θεσπιέων
681 585 757 641 τοῖσι
774 587 910 659 παρεοῦσι
927 585 982 652 ἐξε-

181 674 340 747 πληροῦντο
362 673 391 729 αἱ
414 669 506 729 ἕνδεκα
532 669 670 747 μυριάδες·
704 674 836 746 παρῆσαν
859 670 914 749 γάρ
937 672 983 730 καὶ

183 760 325 816 Θεσπιέων
342 763 371 816 ἐν
388 762 426 836 τῷ
445 758 624 836 στρατοπέδῳ
641 760 667 816 οἱ
687 756 848 833 περιεόντες,
864 756 984 834 άριθμόν

183 851 210 907 ἐς
223 845 404 906 ὀκτακοσίους
417 845 462 902 καὶ
473 846 591 922 χιλίους·
605 844 681 905 ὅπλα
695 845 724 903 δὲ
738 843 794 903 οὐδ’
806 842 882 903 οὗτοι
896 845 982 925 εἶχον.

183 929 260 992 οὗτοι
272 932 324 1008 μέν
337 957 385 991 νυν
398 932 546 1010 ταχθέντες
563 933 608 990 ἐπὶ
625 936 663 1010 τῷ
680 931 800 1010 Ἀσωπῷ
815 937 983 1009 ἐστρατοπε-

183 1019 303 1080 δεύοντο.

135 1109 170 1168 3]
225 1111 261 1168 Οἱ
274 1109 304 1167 δὲ
317 1107 392 1186 α’μῲὶ
406 1107 566 1185 Μαρδόνιον
578 1108 732 1186 βάρβαροι,
744 1107 778 1171 ὦς
791 1107 983 1184 ἀπεκήδευσαν

183 1198 354 1266 Μασίστιον,
368 1200 509 1274 παρῆσαν,
522 1196 672 1274 πυθόμενοι
685 1196 749 1260 τοῦς
757 1196 901 1272 Ἕλληνας
914 1197 983 1258 εἶναι

184 1291 213 1344 ἐν
226 1289 398 1364 Πλαταιῇσι,
413 1285 459 1342 καὶ
472 1283 550 1344 αὐτοὶ
565 1285 609 1344 ἐπὶ
622 1283 671 1342 τόν
681 1284 815 1344 ,Ἀσωπόν
830 1285 879 1344 τόν
892 1285 982 1364 ταύτῃ

182 1374 290 1449 ῥέοντα.
332 1371 494 1449 άπικόμενοι
530 1372 559 1430 δὲ
599 1369 803 1430 ἀντετάσσοντο
841 1368 892 1430 ὧδε
928 1371 982 1432 ῦπό

183 1461 352 1538 Μαρδονίου·
375 1460 445 1519 κατά
464 1463 516 1536 μὲν
536 1459 770 1536 Λακεδαιμονίους
791 1461 894 1534 ἔστησε
910 1461 982 1537 Πέρ-

183 1574 245 1610 σας·
261 1549 306 1606 καὶ
317 1548 350 1622 δή
365 1547 475 1606 πολλάν
484 1547 539 1627 γάρ
552 1547 704 1624 περιέασαν
714 1546 817 1622 πλήθεϊ
826 1550 851 1606 οἱ
863 1549 981 1625 Πέρσαι,

184 1639 231 1694 ἐπί
247 1662 277 1694 τε
296 1635 372 1704 τάξις
385 1639 505 1698 πλεῦνας
523 1634 716 1711 ἐκεκοσμέατο,
732 1635 777 1692 καὶ
796 1638 906 1713 ἐπεῖχον
918 1635 983 1699 τοῦς

184 1723 330 1802 Τεγεήτας·
352 1723 429 1792 ἐταξε
443 1722 472 1780 δὲ
486 1721 566 1781 οὕτω·
588 1721 604 1781 ὅ
617 1748 644 1780 τι
658 1725 709 1798 μὲν
721 1721 757 1797 ἦν
770 1721 854 1781 αῦτοΰ
868 1722 984 1782 δυνατά·

183 1837 267 1870 τατον
287 1815 343 1870 πᾶν
360 1810 507 1880 ἀπολέξας,
522 1811 625 1886 ἔστησε
644 1808 737 1869 άντίον
750 1811 982 1887 Λακεδαιμονίων·

183 1898 217 1958 τό
237 1899 267 1958 δὲ
287 1897 488 1974 ἀσθενέστερον
507 1897 644 1976 παρέταξε
665 1897 735 1956 καταὶ
756 1897 820 1960 τοῦς
836 1897 982 1978 Τεγεήτας·

184 1991 271 2047 ταῦτα
289 1985 311 2046 δ’
332 1986 421 2046 ἐποίεε
438 1985 598 2063 φραζόντων
615 2011 646 2045 τε
666 1985 711 2043 καὶ
728 1984 912 2045 διδασκόντων
929 1992 984 2061 Θη-

184 2077 282 2153 βαίων.
318 2075 451 2152 Περσέων
465 2075 494 2133 δὲ
508 2075 656 2153 ἐχομένους
670 2073 747 2142 ἔταξε
761 2073 884 2147 Μήδους·
906 2070 984 2132 οὗτοι

186 2163 215 2222 δὲ
242 2165 363 2244 ἐπέσχον
390 2163 555 2240 Κορινθίους
585 2188 616 2220 τε
644 2161 689 2219 καὶ
716 2159 910 2236 Ποτιδαιήτας,
939 2162 985 2220 καὶ

185 2251 380 2331 Ὀρχομενίους
406 2277 436 2310 τε
461 2251 506 2308 καὶ
530 2249 702 2313 Σικυωνίους.
744 2248 848 2324 Μήδων
872 2250 901 2308 δέ
925 2253 985 2328 ἐχο·

186 2341 283 2416 μένους
307 2339 384 2408 ἔταξε
409 2339 570 2414 Βακτρίους·
606 2334 683 2396 οὗτοι
710 2336 740 2395 δὲ
763 2338 885 2414 ἐπέσχον
908 2336 985 2395 Ἑπι-

185 2429 311 2506 δαυρίους
326 2453 356 2488 τε
379 2427 425 2486 καὶ
444 2426 626 2502 Τροιζηνίους,
649 2425 694 2482 καὶ
714 2425 876 2502 Λεπρεήτας
892 2451 922 2484 τε
940 2427 987 2483 καὶ

186 2517 353 2592 Τιρυνθίους,
368 2515 414 2572 καὶ
427 2513 604 2588 Μυκηναίους
617 2538 647 2571 τε
661 2513 706 2571 καὶ
720 2513 882 2575 Φλιασίους.
916 2513 987 2589 μετοὶ

187 2603 216 2661 δὲ
230 2602 382 2678 Βακτρίους
400 2603 504 2676 ἔστησε
519 2599 630 2662 Ἰνδούς·
656 2598 732 2658 οὗτοι
747 2599 776 2656 δὲ
791 2600 912 2677 ἐπέσχον
926 2599 986 2676 Ἑρ-

187 2691 297 2768 μιονέας
315 2715 345 2749 τε
363 2691 408 2747 καὶ
426 2688 588 2764 Ἐρετριέας,
609 2688 654 2745 καὶ
668 2688 788 2764 Στυρέας
804 2713 834 2744 τε
849 2688 894 2744 καὶ
909 2691 987 2746 Χαλ-

188 2779 285 2841 κιδέας.
320 2777 413 2837 Ἰνδῶν
424 2776 454 2835 δὲ
464 2777 611 2855 ἐχομένους
623 2774 714 2838 Σάκας
724 2775 753 2834 ἔτ
790 2799 811 2832 ε·
829 2774 855 2832 οἳ
866 2776 988 2853 ἐπέσχον

186 2866 395 2943 Ἀμπρακιήτας
415 2891 445 2925 τε
466 2865 511 2922 καὶ
530 2863 732 2940 Ἀνακτορίους,
755 2863 800 2920 καὶ
813 2862 987 2931 Λευκαδίους,

188 2956 234 3014 καὶ
253 2955 375 3027 Παλέας,
396 2954 442 3012 καὶ
461 2950 618 3032 Αἰγινήτας.
661 2951 772 3015 Σακέων
793 2952 822 3010 δὲ
841 2951 989 3028 ἐχομένους

189 3043 266 3112 ἔταξε
279 3041 359 3102 άντία
371 3041 525 3117 Ἀθηναίων
543 3066 573 3099 τε
592 3041 638 3098 καὶ
655 3041 820 3099 Πλαταιέων
834 3040 879 3097 καὶ
893 3045 988 3118 Μεγα-

189 3131 258 3208 ρέων
271 3129 407 3192 Βοιωτούς
427 3155 457 3189 τε
479 3129 524 3186 καὶ
537 3127 669 3204 Λοκροῦς,
685 3129 730 3186 καὶ
751 3128 878 3203 Μηλιέας
894 3151 925 3184 τε
943 3125 989 3182 καὶ

189 3219 363 3289 Θεσσαλοῦς,
392 3218 437 3276 καὶ
457 3216 571 3274 Φωκέων
591 3215 655 3278 τοῦς
675 3216 792 3294 χιλίους·
824 3214 856 3272 οῦ
877 3212 930 3290 γάρ
952 3211 988 3270 ὧν

189 3304 308 3367 ἅπαντες
328 3309 355 3365 αἱ
374 3305 480 3368 Φωκέες
498 3303 643 3381 ἐμήδισαν·
665 3301 742 3362 άλλά
756 3327 827 3364 τινες
840 3299 929 3358 αὐτῶν
943 3299 988 3355 καὶ
