2278 3538
172 171 247 237 1-5]
489 173 642 222 ΟΤΡᾸΝῙΔ.
920 174 966 224 221

170 252 335 329 ἐπιτρέπειν·
356 251 529 330 ἀντιβάντων
546 253 576 312 δὲ
593 256 648 312 τῶν
666 251 830 332 συμμάχων,
848 250 921 312 εἶκον
941 254 969 312 οἶ

168 337 321 416 Ἀθηναῖοι,
335 343 409 423 μέγα
426 341 607 416 πεποιημένοι
623 343 756 417 περιεῖναι
774 340 825 415 τὴν
841 339 968 398 Ἑλλάδα

169 428 216 486 καὶ
234 429 346 508 γνόντες
367 435 390 489 εί
410 427 603 488 στασιάσουσι
622 429 751 504 περὶτῆς
768 427 915 507 ἡγεμονίης
933 427 968 492 οἷς

169 514 319 576 ἀπολέεται
338 518 358 594 ἡ
377 516 492 586 Ἑλλάς,
513 515 584 594 ὀρθά
605 520 736 578 νοεῦντες.
778 515 892 596 [στάσις
912 516 967 596 γάρ

168 604 294 680 έμφυλος
313 607 441 682 πολέμου
468 603 690 682 ὁμοφρονέοντος
716 603 844 682 τοσούτῳ
872 603 967 664 κάκιόν

168 696 238 763 ε’στι,
252 693 310 773 ὅσῳ
326 694 451 772 πόλεμος
470 692 598 774 εἷρήνης]
641 691 821 768 ἐπιστάμενοι
840 690 877 750 ὦν
898 690 965 752 αῦτῦ

167 786 258 855 τοῦτο,
278 783 328 842 οῦκ
345 782 507 850 ἀπέτεινον,
521 780 587 841 ἀλλ’
602 779 675 840 εἶκον
692 780 776 858 μέχρι
794 779 864 840 ὅσου
878 780 966 858 κάρτα

168 868 276 929 ε’δέοντο
289 869 388 940 αῦτιῦν,
403 869 439 933 ιῦς
451 869 582 939 διέδεξαν·
604 867 640 931 (ῦς
651 867 706 950 γάρ
721 868 755 944 δὴ
766 867 906 945 ὠσάμενοι
918 868 969 930 τόν

168 958 283 1032 Πέρσεω
299 959 362 1034 περὶ
378 961 429 1033 τῆς
447 958 550 1016 ἐκείνου
568 955 621 1033 ἤδη
638 956 689 1016 τόν
704 955 799 1037 α’γιῦνα
815 961 964 1032 ἐποιεῦντο,

166 1044 312 1120 πρόφασιν
325 1046 377 1122 τήν
391 1046 557 1106 Παυσανίεω
570 1043 653 1121 ῦβριν
663 1043 873 1123 προϊσχόμενοι,
888 1045 964 1105 άπεί·

166 1136 251 1191 λοντο
271 1133 323 1208 τήν
342 1133 493 1215 ἡγεμονίην
516 1131 581 1196 τοῦς
603 1131 846 1209 Λακεδαιμονίους.
888 1131 966 1194 άλλά

165 1225 252 1278 ταῦτα
265 1223 317 1297 μὲν
329 1220 447 1298 ὕστερον
462 1221 579 1301 ἐγένετο.

205 1306 275 1368 Τότε
295 1307 325 1367 δὲ
346 1307 422 1369 οῦτοι
446 1313 473 1368 οἱ
493 1310 539 1368 καὶ
560 1306 602 1366 ἐπ’
621 1307 800 1384 Ἀρτεμίσιον
820 1307 992 1382 Ἐλλήνων4

165 1395 336 1472 άπικόμενοι,
364 1397 399 1460 ιός
419 1397 492 1456 εἶδον
511 1397 574 1458 νέας
593 1422 624 1454 τε
647 1395 758 1458 πολλάς
779 1396 965 1474 καταχθείσας

165 1489 192 1546 ἐς
218 1484 267 1548 τὰς
293 1485 415 1561 Ἀφέτας
442 1487 487 1544 καὶ
508 1488 641 1561 στρατιῆς
668 1482 777 1542 ἅπαντα
801 1484 883 1552 πλέα,
906 1485 965 1544 ε’πεὶ

165 1571 275 1634 αῦτοῖσι
301 1574 377 1651 παρά
404 1574 488 1644 δόξαν
507 1572 543 1633 τά
562 1571 714 1652 πρήγματα
733 1575 788 1632 τοῦν
808 1571 966 1650 βαρβάρων

164 1659 300 1737 άπέβαινε
317 1660 335 1736 ἦ
353 1661 388 1724 ὥς
405 1660 485 1722 αὐτοὶ
505 1661 673 1730 κατεδόκεον,
693 1660 964 1738 καταρρωδήσαντες,

164 1747 291 1825 δρησμδν
304 1749 456 1825 ἐβούλευον
472 1749 529 1809 άπό
546 1753 597 1808 τοῦ
610 1748 789 1826 Ἀρτεμισίου
803 1751 857 1808 ἔσω
873 1753 901 1812 ἔς
913 1749 965 1826 τὴν

163 1833 299 1896 Ἑλλάδα·
319 1837 431 1918 γνόντες
449 1838 481 1898 δέ
497 1844 589 1913 σφεας
607 1841 633 1896 οἱ
651 1837 774 1913 Εῦβοέες
792 1841 880 1897 ταῦτα
896 1840 964 1914 βου-

163 1926 336 2002 λευομένους,
356 1926 464 1986 έδέοντο
482 1925 661 2003 Εὐρυβιάδεω
681 1931 849 2002 προσμεῖναι
862 1925 965 2004 χρόνον

163 2011 268 2093 α’λίγον,
297 2012 353 2072 ἔστ’
380 2011 414 2074 ἂν
440 2014 518 2074 αὐτοὶ
541 2015 624 2074 τέκνα
646 2039 677 2072 τε
703 2014 749 2070 καὶ
772 2014 835 2075 τοῦς
857 2015 965 2077 οἰκέτας

162 2099 356 2161 ὑπεκθέωνται·
398 2101 433 2164 (ῦς
453 2101 476 2162 δ’
497 2101 547 2161 οῦκ
574 2101 690 2170 ἔπειθον,
714 2101 888 2176 μεταβάντες
913 2101 964 2162 τόν

162 2185 314 2263 Ἀθηναίων
343 2189 503 2272 στρατηγόν
535 2190 664 2250 πείθουσι
693 2183 889 2265 Θεμιστοκλέα
917 2190 963 2248 ε’πὶ

162 2278 255 2355 μισθῷ
266 2277 414 2354 τριήκοντα
426 2277 599 2347 ταλάντοισι,
614 2276 655 2336 ἐπ’
670 2274 691 2356 ᾧ
706 2303 737 2337 τε
753 2276 963 2353 καταμείναντες

161 2364 216 2440 πρά
229 2370 279 2441 τὴς
292 2365 417 2441 Εὐβοίης
430 2365 597 2441 ποιήσονται
610 2363 661 2440 πὴν
678 2365 842 2444 ναυμαχίην.
884 2363 917 2423 'O
932 2365 989 2425 δὲ5

161 2453 370 2529 Θεμιστοκλέης
395 2453 460 2517 τοῦς
480 2452 624 2530 Ἕλληνας
646 2457 772 2532 ἐπισχεῖν
793 2450 845 2512 ὦδε
864 2454 961 2512 ποιέει·

161 2540 323 2620 Εὐρυβιάδῃ
343 2541 447 2603 τούτων
469 2546 524 2602 τῶν
543 2540 693 2621 χρημάτων
715 2541 859 2617 μεταδιδοῖ
878 2543 960 2602 πέντε

160 2627 293 2698 τάλαντα,
315 2629 351 2693 εῦς
370 2629 435 2707 παρ’
456 2633 556 2690 ἑωυτοῦ
578 2630 660 2706 δῆθεν
681 2628 780 2693 διδούς·
828 2629 863 2694 οἷς
883 2630 915 2689 δέ
934 2633 961 2690 οἱ

160 2711 240 2779 οὗτος
267 2717 458 2789 ἀνεπέπειστο,
494 2717 683 2798 (Ἄδείραντος
710 2717 765 2798 γάρ
792 2717 808 2778 ά
834 2717 959 2789 Ὠκύτου,

159 2805 308 2880 Κορίνθιος
328 2805 493 2886 στρατηγός,
506 2810 561 2866 τῶν
580 2809 687 2866 λοιπῶν
706 2805 828 2883 ἤσπαιρε
847 2810 958 2883 μοῦνος,
976 2871 978 2876 ,

159 2891 284 2968 φάμενος
299 2893 526 2954 α’ποπλιίσεσθαί
538 2919 569 2954 τε
589 2892 645 2954 άπδ
658 2897 709 2954 τοῦ
721 2893 900 2970 Ἀρτεμισίου
913 2894 959 2952 καὶ

158 2977 191 3040 οῦ
203 2982 405 3062 παραμενέειν,)
415 2981 485 3058 πρός
498 2981 531 3058 δὴ
541 2985 640 3042 τοῦτον
651 2979 711 3040 εἶπε
724 2981 740 3041 ὁ
751 2981 959 3058 Θεμιστοκλέης

158 3068 310 3145 ε’πομόσας·
343 3069 402 3128 “οῦ
424 3069 461 3129 ατί
481 3095 515 3150 γε
534 3069 621 3146 ἡμέας
642 3069 813 3147 ἀπολείψεις,
835 3068 897 3127 ε’πεί
913 3093 959 3128 τοι

158 3157 212 3237 ε’γῦ
227 3158 301 3234 μέζω
319 3157 393 3234 δῦρο
414 3156 494 3216 διίσω
513 3155 531 3232 ἢ
551 3156 690 3233 βασιλεῦς
707 3156 741 3216 άν
757 3181 802 3216 τοι
820 3155 836 3236 ό
853 3155 957 3230 Μήδων

156 3245 276 3323 πέμψειε
302 3245 471 3305 α’πολιπάντι
497 3246 561 3308 τοῦς
589 3243 781 3323 συμμάχους·”
813 3244 901 3302 ταῦτά
925 3268 957 3303 τε

157 3329 217 3409 ἅμα
228 3331 353 3412 ἠγόρευε,
367 3333 413 3392 καὶ
430 3333 535 3409 πέμπει
552 3333 599 3394 ε’πὶ
615 3333 667 3408 τὴν
686 3331 735 3392 νέα
748 3330 800 3406 τήν
814 3329 957 3404 Ἀδειμάν-

184 3415 290 3468 Ile-18

1062 3427 1121 3514 A
