2276 3538
174 158 220 203 ιιι
480 154 660 215 mmor
899 155 974 218 [vn.

173 235 278 311 ἡμέρης
297 234 328 293 δέ
342 233 560 311 ἐπιλαμψάσης,
575 231 682 310 ὀνείρου
701 235 753 309 μὲν
768 233 870 294 τοάτου
887 234 976 315 λόγον

174 322 271 382 οὐδένα
293 323 423 390 ἐποιέετο,
444 320 459 380 ὁ
477 322 505 380 δὲ
525 321 657 397 Περσέων
676 322 832 384 συναλίσας
850 320 914 384 τούς
930 325 976 384 καὶ

173 411 309 488 πρότερον
323 412 461 480 συνέλεξε,
478 410 558 490 ἔλεγέ
567 415 623 484 σφι
632 408 707 468 τάδε.
723 420 739 442 “
748 407 843 485 ἅνδρες
854 410 975 486 Πέρσαι,

174 499 342 579 συγγνώμην
362 525 410 576 μοι
432 500 508 576 ἔχετε
528 497 572 556 ὅτι
589 496 772 576 ἀγχίστροφα
790 497 976 575 βουλεύομαι·

176 592 284 665 φρενῶν
297 613 328 646 τε
341 587 396 668 γάρ
411 592 437 648 ἐς
451 585 486 644 τὰ
500 587 637 661 ἐμεωυτοῦ
654 589 751 661 πρῶτα
768 583 801 642 οὔ
820 610 857 642 κω
875 584 976 661 ἀνήκω,

175 677 220 734 καὶ
236 679 263 734 οἱ
279 673 518 754 παρηγορεόμενοι
536 677 612 732 κεῖνα
631 673 734 731 ποιέειν
756 671 853 730 οὐδένα
873 673 977 751 χρόνον

174 790 225 839 μευ
247 763 407 840 ἀπέχονται·
437 759 590 820 ἀκούσαντι
611 762 706 837 μέντοι
732 786 781 836 μοι
808 764 857 834 τῆς
878 760 977 837 Ἀρτο-

174 851 263 926 βάνου
284 851 402 930 γνώμης,
425 850 581 926 παραυτίκα
607 851 659 925 μὲν
685 848 704 923 ή
732 848 826 924 νεότης
853 851 976 920 ἐπέζεσε,

174 939 246 996 ὥστε
264 937 428 1014 ἀεικέστερα
446 937 600 1015 ἀπορρίψαι
619 938 686 996 ἐπεα
701 943 727 998 ἐς
744 935 831 1013 ἀνδρα
849 938 977 1013 πρεσβύ-

173 1052 253 1104 τερον
275 1024 293 1101 ἦ
317 1026 417 1105 χρεόν.
432 1030 480 1084 νῦν
498 1027 593 1102 μέντοι
611 1025 758 1105 συγγνους,
777 1024 922 1102 χρήσομαι
940 1033 976 1104 τῇ

174 1116 277 1174 ἐκείνου
295 1115 399 1195 γνώμῃ·
422 1114 457 1177 ῶς
475 1113 511 1173 ῶν
524 1115 760 1194 μεταδεδογμένον
774 1140 822 1189 μοι
836 1113 876 1189 μή
891 1141 976 1191 στρα·

128 1205 164 1262 14
176 1203 306 1273 τεόεσθαι
326 1205 372 1262 ἐπὶ
395 1203 447 1279 τήν
472 1202 606 1275 Ἑλλάδα,
628 1201 734 1280 ἧσυχοί
754 1201 843 1260 ἐστε.”
865 1203 977 1279 Πέρσαι

173 1294 224 1368 μὲν
245 1291 280 1354 ῶς
299 1291 424 1367 ἥκουσαν
450 1296 546 1361 ταῦτα,
571 1290 753 1369 κεχαρηκότες
779 1290 976 1366 προσεκύνεον·

176 1380 272 1443 νυκτός
290 1380 318 1438 δὲ
335 1381 492 1460 γενομένης,
509 1378 586 1442 αὖτις
601 1377 689 1438 τῶυτὸ
710 1377 816 1455 ὄνειρον
829 1383 867 1457 τῷ
885 1379 977 1458 Ξέρξη

174 1471 373 1546 κατυπνωμένῳ
394 1471 472 1548 ἐλεγε
494 1468 621 1527 ἐπιστάν·
647 1465 694 1525 “ῶ
712 1471 764 1525 παῖ
783 1467 910 1544 Δαρείου,
931 1470 977 1526 καὶ

174 1555 208 1630 δή
223 1558 333 1630 φαίνεαι
353 1562 381 1614 ἐν
401 1557 535 1634 Πέρσῃσί
546 1581 577 1615 τε
591 1554 778 1632 ἀπειπάμενος
791 1555 842 1630 τήν
856 1581 977 1631 στρατη-

175 1643 287 1717 λασίην,
302 1643 347 1700 καὶ
365 1644 400 1702 τά
419 1644 472 1719 ἐμά
489 1645 556 1702 ἔπεα
570 1649 599 1702 ἐν
613 1644 702 1702 οὐδενὶ
716 1643 877 1719 ποιεύμενος
891 1642 976 1724 λόγῳ,

176 1730 210 1792 ὦς
224 1729 287 1807 παρ’
303 1730 411 1794 οὐδενὸς
424 1731 555 1794 ἀκούσας·
578 1731 607 1790 εὖ
622 1759 669 1791 νυν
682 1731 738 1790 τόδ’
753 1732 821 1798 ἴσθι,
835 1730 921 1807 ἤνπερ
935 1732 976 1808 μή

175 1819 272 1878 αὐτίκα
286 1821 504 1898 στρατηλατέῃς,
519 1820 584 1879 τάδε
598 1847 641 1880 τοι
652 1821 682 1888 ἐξ
692 1817 781 1879 αὐτῶν
792 1818 976 1897 ἀνασχήσειν·

174 1906 210 1968 ῶς
230 1908 276 1965 καὶ
295 1908 383 1988 μέγας
403 1909 449 1966 καὶ
470 1909 580 1971 πολλός
602 1909 692 1989 ἐγένεο
716 1913 744 1966 ἐν
768 1905 856 1988 όλίγιρ
876 1907 976 1986 χρόνῳ,

130 1997 164 2053 15
175 1995 245 2054 οὕτω
259 1997 304 2054 καὶ
317 1997 446 2060 ταπεινός
460 1996 551 2055 ὀπίσω
565 1997 636 2054 κατά
645 1996 731 2074 τάχος
741 1994 844 2055 ἐσεαι.”
872 1996 977 2072 Ξέρξης

174 2087 234 2161 μὲν,
251 2085 378 2162 περιδεής
393 2084 540 2165 γενόμενος
557 2088 593 2162 τῇ
612 2083 683 2162 ὄψει,
701 2082 754 2143 ἀνά
774 2110 805 2143 τε
826 2084 925 2159 ἔδραμε
947 2090 977 2143 ἐκ

174 2177 223 2248 τῆς
248 2175 348 2249 κοίτης,
373 2174 418 2232 καὶ
442 2174 545 2248 πέμπει
572 2171 694 2253 ἄγγελον
723 2174 768 2231 ἐπὶ
796 2171 976 2249 Ἀρτάβανον

171 2263 320 2321 καλέοντα·
355 2260 511 2340 ἀπικομένῳ
542 2261 572 2320 δέ
601 2264 627 2319 οἱ
659 2262 738 2342 ἔλεγε
770 2261 875 2337 Ξέρξης
901 2260 976 2320 τάδε·

175 2361 192 2384 “
200 2349 367 2426 Ἀρτάβανε,
382 2349 435 2430 ἐγῶ
449 2349 481 2408 τό
495 2349 652 2426 παραυτίκα
665 2352 716 2425 μὲν
731 2349 780 2408 οὐκ
793 2349 976 2426 ἐσωφρόνεον,

175 2439 253 2499 εἴπας
267 2443 293 2500 ἐς
307 2441 341 2496 σὲ
353 2437 458 2512 μάταια
471 2439 538 2495 ἔπεα
551 2443 677 2516 χρηστῆς
689 2439 777 2498 εἵνεκα
788 2439 977 2514 συμβουλίης·

174 2524 245 2602 μετά
266 2526 361 2601 μέντοι
382 2524 414 2582 οὐ
433 2525 543 2584 πολλόν
561 2525 663 2604 χρόνον
679 2527 825 2605 μετέγνων,
846 2527 930 2606 ἔγνων
949 2527 978 2585 δὲ

174 2613 261 2672 τοῦτοί
281 2639 330 2688 μοι
351 2613 466 2686 ποιητέα
488 2612 568 2672 ἐόντα
586 2612 621 2671 τά
638 2613 675 2670 σύ
694 2613 846 2688 ὑπεθήκαο,
889 2612 978 2673 οὔκων

175 2700 289 2764 δυνατάς
301 2727 345 2760 τοι
360 2701 415 2776 εἰμὶ
428 2706 515 2760 ταῦτα
532 2702 635 2760 ποιέειν
654 2701 839 2777 βουλόμενος·
860 2727 978 2779 τετραμ-

174 2790 246 2868 μένῳ
269 2789 323 2870 γάρ
347 2789 380 2864 δή
409 2790 454 2848 καὶ
480 2789 664 2870 μετεγνωκότι
692 2793 844 2865 ἐπιφοιτῶν
871 2789 978 2867 ὄνειρον

175 2877 346 2953 φαντάζεταί
359 2903 416 2954 μοι,
437 2876 562 2952 οὐδαμῶς
578 2879 744 2936 συνέπαινον
764 2877 809 2937 ἐδν
826 2878 929 2936 ποιέειν
942 2905 978 2954 με

173 2970 269 3025 ταῦτα’
295 2970 344 3026 νῦν
362 2966 391 3024 δὲ
411 2967 455 3024 καὶ
472 2965 658 3039 διαπειλῆσαν
679 2965 794 3044 οἴχεται·
820 2970 844 3024 εἰ
860 2965 897 3025 ῶν
916 2966 978 3029 θείς

175 3061 236 3114 ἐστι
258 3054 274 3115 ό
299 3055 469 3129 ἐπιπέμπων,
493 3052 540 3110 καί
563 3056 589 3111 οἱ
612 3052 719 3114 πάντως
747 3059 776 3113 ἐν
801 3053 888 3132 ήδονῇ
916 3059 978 3113 ἐστι

174 3145 305 3224 γενέσθαι
313 3141 525 3218 στρατηλασίην
537 3141 581 3198 ἐπὶ
591 3140 642 3215 τήν
649 3140 783 3210 Ἐλλάδα,
794 3142 978 3216 ἐπιπτήσεται

175 3233 220 3289 καὶ
239 3233 287 3290 σοὶ
303 3228 391 3291 τώυτό
410 3233 493 3287 τοῦτο
512 3227 619 3304 ὄνειρον
632 3227 733 3304 ὁμοίως
747 3231 792 3288 καὶ
809 3231 870 3302 ἐμοὶ
886 3235 978 3289 ἐντελ-

176 3319 303 3389 λόμενον·
319 3317 437 3393 εόρίσκω
447 3315 476 3374 δέ
488 3312 540 3395 ὧδε
550 3313 584 3374 ἂν
594 3315 726 3395 γινόμενα
736 3320 832 3388 ταῦτα,
841 3321 865 3376 εἰ
874 3316 979 3395 λάβοις
