2268 3536
188 150 234 197 ον
495 145 678 196 Ἧνοιουοτ
941 146 985 210 [ν.

185 227 215 286 δέ
227 226 330 304 ταύτην
342 227 394 303 τήν
406 227 499 296 πόλιν,
514 228 681 304 θαρσέοντες
689 226 743 303 ἤδη
755 231 794 305 τῷ
802 225 850 286 Διῒ
863 225 988 286 πλοότου

185 316 249 391 πέρι
263 317 372 392 ἐρίζετε.
414 313 492 375 οἶλλοῖ
510 318 574 392 περὶ
588 319 639 392 μὲν
652 314 746 394 χόρης
759 313 814 391 ἄρα
828 313 860 386 οὗ
876 317 988 390 πολλῆς

186 403 248 462 οὐδὲ
265 404 335 463 οὕτω
351 409 486 483 χρηστῆς,
505 405 550 463 καὶ
567 403 654 481 οὔρων
672 407 806 480 σμικρῶν,
823 402 908 480 χρεόν
926 409 988 462 ἐστι

184 490 270 568 όμέας
290 493 383 571 μάχας
404 492 624 568 ἀναβάλλεσθαι
652 490 722 568 πρός
748 517 779 549 τε
807 492 988 566 Μεσσηνίους

185 579 279 645 ἐόντας
303 583 466 650 ἰσοπαλέας,
488 581 534 639 καὶ
552 579 690 657 Ἀρκάδας
713 605 744 638 τε
768 579 813 637 καὶ
835 579 987 660 Ἀργείους·

183 674 259 729 τοῖσι
274 671 337 730 οὔτε
350 675 459 748 χρυσοῦ
474 669 607 747 ἐχόμενόν
622 674 683 727 ἐστι
694 666 773 728 οόδὲν
784 666 847 727 οὔτε
857 666 986 747 ἀργύρου,

183 763 238 816 τῶν
254 759 317 834 πέρι
332 759 379 816 καί
392 783 454 816 τινα
471 757 563 837 ἐνάγει
582 756 724 834 προθυμίη
742 755 903 834 μαχόμενον
920 754 987 814 α’πο·

185 844 326 920 θνήσκειν·
367 845 492 923 παρέχον
519 845 549 904 δὲ
568 849 619 920 τῆς
653 844 752 920 Ἀσίης
778 843 873 918 πάσης
893 841 988 921 άρχειν

185 932 324 1002 εὐπετέως,
347 931 422 992 άλλο
447 959 475 993 τι
500 932 682 1010 αἱρήσεσθε;”
706 931 910 1012 Ἀρισταγόρης
936 933 988 1008 μὲν

184 1025 273 1080 ταῦτα
295 1022 381 1092 ἔλεξ.
424 1023 589 1099 Κλεομένης
609 1023 639 1082 δέ
657 1021 792 1098 άμείβετο
808 1021 914 1080 τοῖσδε·
940 1018 987 1078 “ῶ

184 1110 255 1178 ξεῖνε
276 1111 413 1186 Μιλήσιε,
431 1110 637 1186 ἀναβάλλομαί
654 1135 698 1170 τοι
719 1115 746 1172 ἐς
766 1111 862 1187 τρίτην
881 1108 987 1185 ἡμέρην

136 1201 174 1258 50
183 1197 422 1277 άπακρινέεσθαι.”
450 1201 521 1260 Τότε
531 1202 582 1276 μὲν
593 1205 620 1262 ἐς
630 1203 768 1259 τοσοῦτον
778 1199 900 1275 ήλασαν.
928 1198 989 1256 ἐπεί

183 1313 214 1347 τε
228 1289 257 1348 δὲ
270 1289 288 1365 ἡ
303 1290 382 1367 κυρίη
395 1289 485 1367 ἡμέρη
497 1290 601 1371 ἐγίνετο
611 1287 835 1384 τήςχάποκρίσιος
845 1288 890 1344 καὶ
898 1285 987 1359 ἦλθον

184 1381 211 1439 ἐς
223 1377 256 1437 τό
272 1379 461 1458 συγκείμενον,
478 1378 565 1454 εἴρετο
583 1377 598 1436 ό
618 1377 781 1452 Κλεομένης
794 1374 844 1432 τόν
857 1373 986 1446 Ἀριστα-

182 1464 270 1544 γόρην
290 1465 413 1524 ὁκοσέων
433 1466 557 1540 ἡμερέων
577 1462 633 1522 άπό
651 1463 802 1536 θαλάσσης
820 1464 870 1534 τῆς
889 1457 987 1516 Ἰάνων

182 1551 245 1614 όδός
267 1553 309 1627 εἴη
327 1552 403 1628 παραὶ
418 1553 557 1626 βασιλέα;
583 1550 599 1609 ὁ
617 1549 646 1608 δέ
662 1547 876 1628 Ἀρισταγόρης,
893 1544 987 1606 τᾶλλα

183 1638 234 1698 ἐῶν
261 1639 354 1713 σοφός
384 1640 429 1697 καὶ
457 1637 622 1714 διαβάλλων
649 1639 752 1696 ἐκεῖνον
779 1634 817 1706 εὖ,
846 1641 874 1694 ἐν
899 1635 987 1716 τούτῳ

184 1728 309 1804 ἐσφάλη·
329 1728 413 1806 χρεόν
432 1727 486 1808 γάρ
505 1751 554 1802 μιν
569 1725 609 1802 μή
627 1725 720 1806 λέγειν
737 1725 770 1784 τό
788 1724 833 1784 ἐόν
846 1725 986 1802 βουλόμε-

182 1815 230 1875 νόν
249 1842 282 1897 γε
300 1815 476 1892 Σπαρτιήτας
493 1815 639 1896 ἐξαγαγεῖν
660 1819 687 1878 ἐς
706 1813 759 1890 τήν
779 1812 888 1889 Ἀσίην,
908 1813 987 1894 λέγει

182 1903 205 1962 δ’
220 1903 257 1964 ῶν
269 1908 352 1980 τριῶν
365 1907 458 1980 μηνῶν
476 1903 533 1979 φάς
549 1903 617 1962 εἶναι
630 1901 683 1978 τήν
696 1901 804 1962 ἄνοδον·
828 1901 843 1962 ὁ
858 1902 887 1961 δὲ
900 1903 985 1979 ὑπαρ-

181 1991 276 2055 πάσας
303 1991 353 2051 τόν
378 1993 526 2050 ἐπίλοιπον
549 1990 636 2071 λόγον
662 1992 711 2050 τόν
738 1991 754 2050 ὁ
782 1989 987 2069 Ἀρισταγόρης

182 2078 294 2156 ὥρμητο
315 2081 408 2160 λέγειν
428 2081 492 2156 περὶ
512 2083 562 2155 τῆς
583 2079 658 2148 ὁδοῦ,
677 2080 746 2138 εἶπε·
776 2079 823 2137 “ῶ
841 2079 911 2148 ξεῖνε
932 2086 986 2137 Μι-

180 2168 273 2244 λήσιε,
295 2167 486 2227 ἀπαλλάσσεο
508 2173 538 2227 ἐκ
560 2167 692 2245 Σπάρτης
708 2169 762 2246 πρό
781 2167 876 2230 δόντος
893 2166 985 2242 ἡλίου·

181 2256 278 2316 οὐδένα
304 2257 359 2338 γάρ
384 2257 471 2338 λόγον
496 2256 595 2316 εὐεπέα
618 2259 710 2339 λέγεις
731 2256 985 2332 Λακεδαιμονίοισι,

182 2345 284 2404 ἐθέλων
313 2347 405 2420 σφέας
428 2345 485 2405 οἶπὸ
514 2346 664 2421 θαλάσσης
690 2350 775 2422 τριῶν
801 2347 896 2420 μηνῶν
922 2342 988 2403 ὁδόν

134 2433 170 2489 51
181 2429 323 2512 άγαγεῖν.”
343 2431 377 2490 ‘O
392 2435 443 2508 μὲν
457 2433 491 2508 δή
507 2436 670 2510 Κλεομένης
689 2438 779 2492 ταῦτα
796 2433 881 2500 εἴπας,
899 2429 944 2506 ήῐε
960 2436 988 2494 ἐς

181 2519 217 2578 τά
231 2520 313 2578 οἰκία.
355 2519 415 2579 άδέ
427 2519 632 2599 Ἀρισταγόρης
645 2521 745 2596 λοβῶν
757 2521 894 2596 ἱκετηρίην
904 2517 949 2593 ήϊε
961 2524 988 2582 ἐς

182 2611 233 2666 τοῦ
247 2608 429 2684 Κλεομένεος,
447 2607 571 2666 ἐσελθῶν
584 2609 614 2666 δὲ
628 2611 694 2667 εἴσω
708 2608 756 2667 ἅτε
773 2608 906 2682 ἱκετεύων,
922 2612 988 2666 ἐπα·

185 2699 285 2754 κοῦσαι
312 2696 421 2757 ἐκέλευε
447 2695 496 2755 τόν
529 2697 693 2772 Κλεομένεα
718 2695 927 2772 ἀποπέμψαντα
954 2698 988 2755 τό

182 2783 301 2842 παιδίον·
327 2783 521 2860 προσεστήκεε
535 2781 596 2865 1γοὶρ
617 2784 651 2861 δή
672 2789 711 2864 τῷ
732 2782 921 2860 Κλεομένεϊὴ
942 2785 987 2843 θυ-

181 2869 280 2951 γάτηρ,
293 2874 330 2950 τῇ
349 2869 454 2948 οὔνομα
466 2871 502 2948 ἦν
515 2872 622 2954 Γοργώ·
643 2877 727 2932 τοῦτο
741 2873 772 2932 δέ
785 2876 812 2930 οἱ
826 2873 872 2929 καὶ
885 2877 989 2946 μοῦνον

181 2959 277 3018 τέκνον
297 2957 433 3040 ἐτόγχανε
457 2959 503 3019 ἐόν
528 2961 610 3021 ἐτέων
630 2960 703 3021 όκτῶ
723 2958 742 3036 ἡ
764 2961 842 3018 ἐννέα
861 2958 987 3035 ἡλικίην·

183 3049 345 3125 Κλεομένης
363 3048 393 3107 δὲ
409 3049 503 3128 λέγειν
515 3073 564 3124 μιν
583 3049 692 3108 ἐκέλευε
705 3048 741 3109 τά
756 3047 900 3124 βούλεται,
916 3049 988 3124 μηδὲ

182 3139 311 3215 ἐπισχεῖν
320 3141 371 3196 τοῦ
386 3137 497 3194 παιδίου
511 3136 610 3194 εἵνεκα.
646 3138 764 3197 ἐνθαῦτα
778 3137 811 3212 δή
825 3135 842 3196 ό
855 3135 988 3214 Ἀριστα-

181 3224 267 3302 γόρης
283 3223 385 3302 άρχετο
405 3229 435 3282 ἐκ
455 3223 521 3281 δέκα
538 3223 683 3284 ταλάντων
700 3225 931 3304 όπισχνεόμενος,
952 3224 988 3301 ήν

183 3312 210 3368 οἱ
226 3313 375 3388 ἐπιτελέσῃ
393 3315 448 3370 τῶν
467 3309 568 3368 ἐδέετο.
588 3311 768 3376 οἷνανεόοντος
781 3315 810 3370 δὲ
826 3318 876 3372 τοῦ
896 3319 988 3372 Κλεοη
