2262 3534
162 112 269 174 83-87]
474 111 661 160 ΚΔΛΔῙΟΠΗ.
911 110 957 158 321

161 188 329 264 ἐποιήσαντο
354 187 449 264 θήκας·
484 190 549 250 ἔνθα
572 191 623 265 μὲν
644 189 708 252 τοίς
736 191 823 266 ἰρένας
845 190 959 267 ἔθαψαν,

160 281 215 335 τῶν
238 277 283 334 καὶ
305 275 492 340 Ποσειδώνιος
517 278 562 336 καὶ
582 276 797 354 Ἀμομφάρετος
817 277 892 353 ἦσαν
915 277 961 336 καὶ

160 363 305 423 Φιλοκύων
323 390 354 424 τε
371 365 416 422 καὶ
437 365 645 442 Καλλικράτης.
688 370 717 424 ἐν
734 368 786 441 μὲν
806 365 840 440 δῆ
857 367 895 426 ἐνὶ
907 370 962 424 τῶν

160 451 258 526 τάφων
281 451 356 528 ἦσαν
381 456 407 511 οἶ
429 453 521 530 ἰρένες·
557 458 586 513 ἐν
609 453 639 512 δὲ
661 457 704 531 τῆΙ
723 454 804 532 ἑτέρῳ
828 456 854 512 οἱ
877 451 962 512 ἄλλοι

162 541 346 616 Σπαρτιῆται·
368 546 397 600 ἐν
410 541 439 599 δὲ
457 545 495 620 τῷ
512 541 603 620 τρίτῳ,
618 544 645 600 οἰ
662 541 781 604 εἵλωτες.
822 538 899 600 οὗτοι
913 544 964 616 μὲν

161 625 233 685 οὕτω
256 627 384 688 ἔθαπτον.
426 633 561 708 Τεγεῆται
585 628 615 688 δὲ
637 629 721 707 χωρίς
743 627 849 692 πάντας
869 627 962 690 άλέας·

163 714 210 772 καὶ
227 713 371 791 Ἀθηναῖοι
388 715 453 778 τούς
471 719 576 776 ἐωυτεῧν
594 716 676 794 όμοῦ·
704 718 750 776 καὶ
771 717 914 796 Μεγαρέες
932 717 964 775 τε

162 801 211 859 καὶ
237 803 371 862 Φλιάσιοι
396 803 461 866 τούς
482 803 537 864 άπδ
565 809 615 877 τῆς
643 806 728 864 ἵππου
753 804 962 882 διαφθαρέντας.

161 887 269 950 τούτων
285 893 337 968 μὲν
353 891 387 966 δή
405 891 514 952 πάντων
528 892 649 969 πλήρεες
670 894 796 973 ἐγένοντο
818 895 845 952 οἱ
867 892 964 968 τάφοι·

161 981 219 1036 τῶν
246 979 275 1036 δὲ
301 977 397 1040 ἄλλων
418 979 482 1038 ὅσοι
509 980 555 1037 καί
577 981 723 1054 φαίνονται
744 986 773 1040 ἐν
800 984 965 1058 Πλαταιῇσι

164 1064 256 1128 ἐόντες
268 1066 364 1142 τάφοι,
377 1067 491 1131 τούτους
504 1068 541 1142 δὲ,
557 1068 592 1131 οἷς
606 1067 659 1147 ἐγοί
672 1068 855 1144 πυνθάνομαι,
870 1073 966 1127 ἐπαισ-

163 1154 333 1232 χυνομένους
345 1159 381 1234 τῆ
394 1155 513 1215 οἷπεοτόί
525 1159 576 1231 τῆς
588 1155 689 1234 μάχης,
704 1155 838 1218 ἑκάστους
850 1154 967 1234 χώματα

163 1245 259 1320 χῶσαι
280 1243 363 1312 κεινὰ,
383 1247 437 1302 τῶν
459 1244 653 1324 ἐπιγινομένων
680 1244 781 1303 εἰνεκεν
808 1242 967 1319 ἀνθρώπων.

167 1329 228 1387 ἐπεὶ
244 1330 290 1387 καί
308 1333 474 1410 Αἰγινητέων
493 1334 558 1390 ε’σκέ
574 1330 671 1391 αὐτόθι
689 1331 857 1408 καλεόμενος
869 1329 968 1405 τάφος,

167 1415 218 1475 τόν
235 1417 289 1497 ε’γαί
310 1418 399 1477 α’κοόω
416 1419 463 1477 καὶ
481 1419 547 1478 δέκα
565 1421 641 1478 έτεσι
655 1418 774 1496 ὕστερον
789 1417 860 1496 μετά
873 1421 969 1488 ταῦτα,

153 1503 318 1580 δεηθέντων
351 1511 406 1566 τῶν
440 1508 615 1588 Αἰγινητέων,
643 1510 736 1586 χῶσαι
762 1506 894 1582 Κλεάδην
920 1505 970 1566 τόν

161 1592 322 1670 ΙΑὐτοδίκου
336 1593 421 1673 ἄνδρα
435 1597 590 1666 Πλαταιέα,
604 1595 749 1672 πρόξεινον
762 1593 843 1656 ἐόντα
856 1593 955 1655 αὐτῶν.

209 1681 257 1756 Ὡς
273 1681 296 1743 δ’
315 1683 369 1762 ἄρα
388 1685 494 1763 ἔθαψαν
510 1683 576 1748 τούς
591 1683 703 1762 νεκροιίς
716 1688 745 1744 ἐν
764 1686 930 1762 Πλαταιῇσι
943 1685 970 1742 οἶ
978 1682 1016 1742 86

162 1771 310 1848 Ἕλληνες,
330 1772 427 1832 αὐτίκα
445 1773 682 1850 βουλευομένοισί
700 1778 756 1848 σφι
774 1771 865 1832 ἐδόκεε
885 1797 970 1849 στρα·

169 1861 299 1920 τεόεσθαι
318 1861 365 1920 ἐπὶ
384 1862 434 1924 τάς
454 1861 561 1937 Θήβας,
582 1862 627 1918 καὶ
648 1861 777 1929 ἐξαιτέειν
798 1860 887 1920 αὖτῶν
906 1859 971 1922 τοῦς

170 1949 349 2024 μηδίσαντας,
370 1953 399 2008 ἐν
417 1949 554 2024 πρώτοισι
571 1948 601 2006 δὲ
617 1947 706 2006 αὐτῶν
720 1948 907 2027 Τιμηγενίδην
925 1948 971 2005 καὶ

166 2034 342 2116 Ἀτταγῖνον,
364 2035 391 2096 οἰ
410 2035 562 2115 ἀρχηγέται
580 2034 633 2094 α’νεί
648 2034 773 2112 πράτους
787 2033 871 2110 ἦσαν·
891 2032 926 2110 ἢν
941 2034 971 2093 δέ

168 2123 211 2198 μή
241 2123 377 2191 ἐκδιδῶσι,
404 2122 444 2198 μή
471 2121 682 2182 ἀπανίστασθαι
710 2121 768 2182 οἶπδ
795 2127 846 2196 τῆς
872 2121 972 2184 πόλιος

170 2209 308 2287 πρότερον
327 2209 345 2286 ἦ
366 2210 493 2280 ἐξέλωσι·
515 2210 550 2274 ὥς
570 2211 601 2270 δέ
621 2203 674 2286 σφι
695 2215 783 2269 ταῦτα
804 2210 887 2279 ἔδοξε,
902 2208 972 2269 οὕτω

171 2298 208 2373 δή
228 2299 357 2378 ἑνδεκάτῃ
376 2299 466 2378 ήμέρη
487 2299 543 2360 οἷπὸ
564 2303 614 2374 τῆς
636 2300 790 2376 συμβολῆς
810 2297 973 2375 ἀπικόμενοι

172 2385 353 2463 ἐπολιόρκεον
379 2388 530 2464 Θηβαίους,
558 2387 716 2450 κελεύοντες
746 2386 880 2448 ἐκδιδόναι
908 2386 973 2450 τοίς

172 2473 283 2551 ἄνδρας·
305 2473 337 2534 οὐ
354 2477 536 2552 βουλομένων
558 2475 588 2534 δὲ
605 2479 660 2534 τῶν
678 2477 811 2551 Θηβαίων
829 2474 971 2548 ἐκδιδόναι,

171 2561 225 2637 τήν
244 2588 275 2622 τε
294 2567 348 2644 γῆν
368 2563 458 2623 αὐτῶν
477 2565 594 2641 ἔταμνον
615 2564 660 2621 καὶ
680 2563 885 2640 προσέβαλλον
904 2563 974 2640 πρὸς

172 2649 207 2709 τό
227 2654 329 2732 τεῖχος.
370 2652 429 2712 Καὶ
455 2650 487 2712 οό
513 2651 568 2732 γάρ
595 2651 729 2710 ἐπαύοντο
751 2651 916 2729 σινεόμενοι,
939 2651 1020 2714 εἰ-87

174 2743 265 2817 κοστῇ
290 2739 379 2818 ήμέρῃ
407 2739 483 2808 ἔλεξε
509 2743 586 2798 τοῖσι
612 2739 975 2821 ΘηβαίοισιΤιμηγενίδης

175 2825 250 2884 τάδε·
272 2826 393 2904 ι’άνδρες
408 2829 539 2902 Θηβαῖοι,
557 2826 650 2902 ἐπειδή
667 2826 738 2887 οὕτω
755 2829 880 2888 δέδοκται
897 2831 974 2887 τοῖσι

169 2907 306 2989 Ἕλλησι,
320 2915 360 2992 μή
373 2915 509 2993 πρότερον
519 2913 716 2990 ιἀπαναστῆναι
729 2916 944 2991 πολιορκέοντας
956 2913 975 2990 ἢ

176 3001 295 3070 ἐξέλωσι
314 3003 421 3080 Θήβας,
443 3001 461 3079 ῆ
476 3002 565 3081 ῆμέας
584 3003 695 3062 αὐτοῖσι
708 3004 860 3080 παραδῶτε,
874 3007 923 3063 νῦν
938 3001 975 3063 ὧν

176 3087 269 3164 ήμέων
289 3089 379 3150 εἵνεκα
398 3095 436 3172 γῆ
456 3091 475 3166 ή
496 3092 615 3167 Βοιωτίη
642 3091 719 3150 πλέω
745 3090 785 3167 μή
813 3089 974 3170 ἀναπλήσῃ·

176 3177 243 3236 ἀλλ’
256 3181 282 3240 εἰ
300 3182 352 3258 μὲν
371 3179 520 3260 χρημάτων
539 3181 697 3259 χρηίζοντες
717 3179 871 3259 πρόσχημα
888 3179 976 3256 ῆμέας

176 3267 352 3345 ἐξαιτέονταη
367 3267 499 3348 χρήματά
510 3274 567 3344 σφι
583 3267 672 3345 δῶμεν
686 3272 716 3326 ἐκ
731 3271 780 3328 τοῦ
799 3272 901 3328 κοινοῦ·
921 3265 976 3328 ωἰν
