2268 3536
180 158 210 198 οι
485 153 669 202 Ἠνοοουοτ
916 149 976 213 [νι.

179 230 232 305 ἐχω
248 227 349 286 ἐλπίδα
369 229 409 305 μὴ
430 230 462 288 ού
483 231 583 290 δώσειν
603 229 689 306 ύμέας
704 228 783 303 δίκην
803 232 841 306 τῷ
858 229 980 303 βασιλέϊ

177 317 227 388 τῆς
248 313 433 379 άποστάσιος.
475 315 541 376 ἀλλ’
559 318 623 394 ἐμοί
641 343 672 376 τε
693 315 828 376 πείθεσθε
849 317 896 376 καὶ
917 318 980 393 ἐμοὶ

178 401 263 477 ύμέας
287 402 385 466 αύτούς
407 406 582 482 ἐπιτρέψατε·
607 405 654 464 καὶ
675 403 741 479 ύμῖν
766 403 827 485 ἐγώ,
851 405 921 465 θεῶν
945 407 980 465 τό

177 489 228 548 ἶσα
249 489 394 567 νεμόντων,
409 493 579 568 ύποδέκομαι
592 490 610 567 ἡ
624 491 657 551 ού
677 493 826 568 συμμίξειν
845 493 910 557 τούς
930 521 980 554 πο·

177 578 337 655 λεμίους,ἢ
361 582 573 658 συμμίσγοντας
597 578 708 638 πολλόν
733 580 981 642 ἐλασσώσεσθαι.”

131 669 168 726 12
179 673 274 728 Ταῦτα
290 668 458 730 α’κούσαντες
472 671 497 726 οἶ
513 666 605 728 Ἴωνες
619 668 799 743 ἐπιτρέπουσι
820 670 912 742 σφέας
933 669 979 728 αύ-

176 756 241 818 τούς
253 760 291 833 τῷ
305 756 454 833 Διονυσίῳ.
486 755 501 814 ό
516 755 553 822 δέ,
569 753 678 835 άνάγων
692 753 825 812 ἑκάστοτε
840 757 885 813 ἐπὶ
899 758 981 834 κέρας

176 843 225 905 τάς
248 844 317 909 νέας,
339 841 407 904 ὅκως
429 845 505 900 τοῖσι
526 843 637 918 ἐρέτῃσι
658 840 807 919 χρὴσαιτο,
830 843 980 904 διέκπλοον

176 929 338 1006 ποιεύμενος
357 933 425 1007 τῇσι
443 929 524 1003 νηυσὶ
543 929 576 986 δι’
592 927 749 1003 άλληλέων,
772 927 818 983 καὶ
836 927 901 988 τούς
921 934 979 987 ἐπι-

177 1017 269 1093 βάτας
294 1015 430 1086 ὁπλίσειε,
455 1016 487 1075 τά
512 1015 613 1076 λοιπόν
636 1019 686 1090 τὴς
709 1013 814 1090 ἡμέρης
840 1013 890 1076 τὰς
917 1016 979 1078 νέας

178 1105 276 1183 ἔχεσκε
296 1103 337 1163 ἐπ’
351 1103 499 1185 α’γκυρέων
521 1104 639 1182 παρεῖχέ
656 1130 687 1162 τε
705 1105 782 1162 τοῖσι
791 1099 872 1160 Ἴωσι
891 1101 979 1163 πόνον

177 1193 211 1252 δι’
224 1193 338 1271 ἡμέρης.
380 1194 464 1273 μέχρι
477 1194 529 1270 μέν
543 1219 591 1254 νυν
603 1192 726 1269 ἡμερέων
743 1189 813 1250 ἑπτά
835 1191 979 1252 ἐπείθοντό

175 1309 206 1342 τε
225 1285 271 1342 καὶ
289 1284 397 1343 ἐποίευν
418 1281 450 1342 τό
473 1281 662 1360 κελευόμενον·
683 1285 719 1359 τῇ
740 1279 770 1338 δέ
787 1281 832 1338 ἐπὶ
850 1279 978 1358 ταύτῃσι,

177 1370 216 1452 [οἱ
224 1371 328 1452 Ἴωνες]
342 1372 388 1430 οἶα
401 1369 520 1434 ἀπαθέες
535 1369 625 1432 ἐόντες
638 1369 730 1429 πόνων
743 1367 874 1427 τοιούτων
886 1394 978 1446 τετρυ-

175 1461 255 1536 μένοι
275 1487 305 1519 τε
326 1459 536 1536 ταλαιπωρίῃσί
554 1483 585 1516 τε
607 1457 653 1515 καὶ
673 1455 766 1534 ἡελίῳ,
789 1456 887 1525 ἔλεξαν
908 1455 978 1532 πρός

176 1547 290 1610 ἐωυτούς
300 1547 374 1605 τάδε·
393 1557 410 1581 “
418 1548 480 1604 τίνα
494 1545 630 1622 δαιμόνων
643 1542 823 1620 παραβάντες
835 1544 900 1604 τάδε
914 1543 978 1604 άνα-

175 1635 349 1710 πίμπλαμεν,
362 1635 460 1696 οἵτινες
472 1632 744 1710 παραφρονήσαντες
758 1632 804 1690 καὶ
816 1632 978 1693 ἐκπλώσαν-

175 1743 220 1785 τες
239 1727 269 1780 ἐκ
288 1726 338 1782 τοῦ
358 1721 431 1790 νόου,
446 1721 525 1798 άνδρὶ
537 1720 646 1778 Φωκαέϊ
666 1719 781 1790 άλαζόνι
797 1720 978 1800 παρεχομένῳ

150 1835 153 1885 j
176 1809 238 1872 νέας
254 1813 327 1887 τρεῖς
347 1811 543 1886 ἐπιτρέψαντες
561 1808 648 1885 ἡμέας
665 1807 765 1870 αύτούς
783 1809 896 1886 ἔχομεν;
919 1808 978 1868 ὅδὲ

176 1898 354 1974 παραλαβών
367 1897 463 1974 ἡμέας,
478 1899 641 1974 λυμαίνεται
657 1896 768 1975 λύμῃσι
787 1895 977 1971 ἀνηκέστοισι·

177 1987 223 2044 καὶ
246 1985 280 2061 δὴ
302 1987 408 2045 πολλοὶ
431 1989 482 2062 μὲν
504 1985 595 2061 ἡμέων
618 1989 644 2047 ἐς
666 1983 784 2046 νούσους
805 1984 976 2058 πεπτώκασι,

176 2075 282 2134 πολλοὶ
306 2075 335 2134 δὲ
363 2075 485 2144 ἐπίδοξοι
511 2073 598 2134 τώυτό
625 2077 709 2132 τοῦτο
736 2071 890 2130 πείσεσθαί
911 2076 976 2130 εἰσι·

174 2161 231 2240 πρό
244 2189 275 2223 τε
287 2163 390 2224 τούτων
403 2167 458 2223 τῶν
473 2165 562 2221 κακῶν
575 2161 642 2238 ἡμῖν
653 2187 685 2240 γε
700 2160 822 2235 κρέσσον
836 2157 882 2215 καὶ
896 2157 977 2218 ὁτιιῦν

177 2249 253 2311 ἄλλο
276 2253 389 2312 παθέειν
411 2253 480 2322 ἐστὶ,
507 2251 553 2308 καὶ
575 2249 627 2324 τὴν
653 2248 817 2325 μέλλουσαν
845 2245 977 2322 δουληίην

175 2339 330 2414 ύπομεῖναι,
343 2339 403 2414 ἥτις
424 2342 511 2408 ἔσται,
528 2341 642 2414 μᾶλλον
662 2334 731 2414 ἡτὴ
749 2333 891 2413 παρεούσῃ
910 2360 975 2394 συν-

104 2459 105 2462 “
176 2427 300 2504 ἔχεσθαι.
336 2429 442 2501 φέρετε,
457 2431 507 2484 τοῦ
521 2429 624 2484 λοιποῦ
637 2422 677 2500 μὴ
692 2421 851 2498 πειθώμεθα
865 2421 977 2482 αύτοῦ.”

175 2519 264 2573 ταῦτα
278 2514 384 2581 ἔλεξαν·
406 2514 451 2570 καὶ
464 2513 536 2587 μετά
549 2516 636 2570 ταῦτα
650 2510 747 2568 αὐτίκα
764 2511 911 2570 πείθεσθαι
933 2509 977 2569 ού-

175 2601 229 2663 δεὶς
242 2599 336 2676 ἡθελε·
358 2599 431 2667 ἀλλ’,
447 2600 491 2657 οἶα
506 2603 633 2673 στρατιὴ,
648 2597 753 2671 σκηνάς
772 2623 802 2654 τε
821 2596 977 2670 πηξάμενοι

175 2693 204 2748 ἐν
221 2692 257 2765 τῇ
275 2687 351 2766 νήσῳ
373 2687 614 2762 ἐσκιητροφέοντο,
630 2685 675 2742 καὶ
689 2683 832 2758 ἐσβαίνειν
850 2681 899 2739 ούκ
918 2681 976 2740 ἐθέ-

130 2777 165 2834 13
176 2779 281 2834 λεσκον
302 2780 329 2838 ἐς
346 2774 396 2836 ταὶς
414 2776 483 2844 νέας,
503 2773 558 2833 οὐδ’
573 2770 786 2847 ἀναπειρᾶσθαι.
829 2768 976 2832 Μαθόντες

177 2863 309 2922 δὲταῦτα
328 2862 460 2944 γινόμενα
478 2867 507 2920 ἐκ
520 2865 575 2922 τῶν
588 2859 686 2920 Ἰώνων
703 2860 730 2916 οἱ
746 2857 901 2937 στρατηγοὶ
921 2861 976 2918 τῶν

176 2951 295 3027 Σαμίων,
310 2951 427 3010 ἐνθαῦτα
449 2949 482 3026 δὴ
504 2949 568 3027 παρ’
583 2947 700 3009 Αἰάκεος
721 2950 770 3006 τοῦ
792 2948 976 3011 Συλοσῶντος

176 3039 279 3102 κείνους
297 3037 362 3102 τούς
379 3037 513 3116 πρότερον
532 3039 637 3114 ἔπεμπε
658 3035 789 3118 λόγουςό
805 3033 918 3111 Αἰάκης,
933 3060 975 3093 κε-

175 3127 311 3188 λευόντων
330 3130 386 3187 τῶν
407 3127 548 3204 Περσέων,
573 3124 701 3204 δεόμενός
728 3131 824 3202 σφεων
852 3126 975 3182 ἐκλιπεῖν

175 3216 227 3290 τὴν
239 3215 336 3276 Ἰώνων
350 3216 590 3293 συμμαχίην,ήοὶ
601 3215 701 3292 Σάμιοι
716 3214 760 3286 ὧν,
772 3214 902 3293 ὁρέωντες
916 3209 975 3287 ἅμα

175 3305 227 3378 μὲν
241 3307 343 3363 ἐοῦσαν
356 3303 472 3380 α’ταξίην
485 3304 597 3380 πολλὴν
614 3309 643 3362 ἐκ
659 3308 714 3364 τῶν
726 3303 833 3372 Ἰώνων,
849 3301 974 3360 ἐδέκοντο
