2278 3538
176 119 224 169 ιιι
482 117 665 168 *amoma*
881 115 974 184 mn.

128 189 164 258 8'5
215 195 298 257 Κατὰ
331 199 383 274 μὲν
411 196 445 273 δή
471 196 635 272 Ἀθηναίους
662 196 812 276 ἐτετάχατο
842 201 975 264 Φοίνικες·

175 282 252 346 οὗτοι
264 285 319 366 γάρ
339 284 415 364 εἶχον
429 284 462 344 τό
480 285 550 362 πρός
562 283 725 348 Ἐλευσῖνός
743 310 774 344 τε
793 285 839 344 καὶ
858 290 978 365 ἑσπέρης

176 375 265 450 κέρας·
307 374 377 434 κατά
404 373 433 432 δέ
455 373 697 450 Λακεδαιμονίους,
715 371 819 438 Ἴωνες·
854 373 977 438 οὗτοιδ

177 461 254 541 εἶχον
269 462 302 522 τό
315 463 384 540 πρός
401 462 453 538 τήν
471 461 512 537 ήῶ
529 487 560 522 τε
575 463 622 520 καὶ
639 461 688 522 τόν
705 464 847 541 Πειραιέα·
883 465 977 526 ἐθελο·

177 552 276 612 κάκεον
288 552 383 628 μέντοι
397 550 486 611 αὐτῶν
499 549 569 610 κατά
581 549 632 614 τὰς
641 553 850 627 Θεμιστοκλέος
863 554 978 618 ἐντολάς

176 637 278 720 ὀλίγοι·
312 642 339 698 οἱ
362 639 391 698 δὲ
416 643 533 702 πλεῦνες
558 638 599 698 οὔ.
641 641 695 718 ἐχω
717 640 770 716 μέν
794 665 843 701 νυν
866 647 978 720 συχνῶν

177 727 318 804 οὐνόματα
330 726 504 805 τριηράρχων
514 728 664 797 καταλέξαι
673 731 728 787 τῶν
738 732 805 804 νῆας
811 728 978 804 Ἑλληνίδας

177 814 305 875 ἐλόντων·
329 815 473 894 χρήσομαι
489 815 518 874 δέ
536 815 647 874 αὐτοῖσι
664 815 751 885 οὐδὲν,
771 821 848 892 πλῆν
870 819 977 894 Θεομή-

179 903 280 979 στορός
305 929 337 963 τε
362 907 413 964 τοῦ
436 903 675 981 Ἀνδροδάμαντος
699 905 745 962 καὶ
772 903 902 964 Φυλάκου
925 911 976 966 τοῦ

177 990 319 1068 Ἱστιαίου,
330 993 443 1071 Σαμίων
456 992 630 1069 ἀμφοτέρων.
665 997 715 1054 τοῦ
729 993 758 1052 δὲ
772 994 861 1055 εἵνεκα
874 995 978 1071 μέμνη-

177 1107 228 1157 μαι
248 1080 351 1140 τούτων
370 1081 487 1158 μούνων,
501 1081 544 1141 ὅτι
565 1081 737 1158 Θεομήστωρ
757 1084 809 1158 μὲν
829 1081 874 1140 διά
895 1086 978 1143 τοῦτο

177 1169 210 1229 τδ
231 1171 311 1252 ἔργον
333 1169 430 1246 Σάμου
451 1169 637 1246 ἐτυράννευσε,
659 1169 897 1245 καταστησάντων
923 1175 978 1231 τῶν

179 1260 321 1334 Περσέων·
335 1259 464 1324 Φύλακος
477 1259 506 1318 δέ
520 1259 662 1339 εὐεργέτης
671 1259 810 1334 βασιλέος
823 1257 977 1340 ἀνεγράφη,

179 1348 224 1406 καὶ
242 1347 319 1426 χάρη
339 1351 365 1406 οἱ
386 1347 509 1424 ἐδωρήθη
530 1346 635 1421 πολλή.
679 1350 705 1406 οἱ
728 1346 750 1405 δ’
769 1345 909 1427 εὐεργέται
928 1351 979 1407 τοῦ

130 1435 169 1494 86
178 1436 316 1511 βασιλέος
346 1435 503 1516 ὀροσάγγαι
533 1436 680 1494 καλέονται
711 1435 879 1512 Περσιστί
905 1436 977 1512 Περὶ

177 1524 229 1597 μέν
243 1549 291 1582 νυν
303 1523 416 1586 τούτους
430 1523 500 1582 οὕτω
517 1523 583 1601 εἶχε·
615 1522 648 1584 τό
667 1523 697 1581 δέ
715 1525 826 1597 πλῆθος
838 1527 892 1582 τῶν
906 1527 979 1598 νηῶν

135 1613 139 1621 ’
178 1614 206 1668 ἐν
227 1614 264 1688 τῇ
285 1611 425 1686 Σαλαμῖνι
447 1612 607 1687 ἐκεραΐζετο,
633 1615 662 1670 αἶ
685 1613 736 1688 μὲν
759 1609 805 1670 ὕπ’
825 1610 991 1686 Ἀθηναίων

179 1696 406 1773 διαφθειρόμεναι
420 1701 448 1756 αἱ
462 1697 491 1756 δὲ
506 1697 563 1758 ὗπδ
582 1699 760 1780 Αἰγινητέων·
790 1697 839 1758 ἅτε
854 1699 908 1780 γὰρ
924 1703 979 1760 τῶν

177 1786 229 1861 μὲν
241 1783 386 1860 Ἑλλήνων
399 1786 453 1846 σύν
466 1785 563 1866 κόσμῳ
581 1786 792 1866 ναυμαχεόντων
809 1787 878 1846 κατὰ
891 1787 978 1856 τάξιν,

178 1877 233 1934 τῶν
252 1873 281 1932 δὲ
299 1875 455 1951 βαρβάρων
475 1874 506 1934 οὐ
524 1876 697 1956 τεταγμένων
714 1876 760 1946 ἔτι,
779 1873 842 1936 οὔτε
860 1874 913 1936 οὖν
925 1875 979 1955 νόῳ

178 1962 326 2024 ποιεόντων
351 1962 436 2034 οὐδὲν,
465 1964 567 2040 ἔμελλε
586 1962 697 2023 τοιοῦτό
717 1969 773 2039 σφι
794 1963 979 2023 συνοίσεσθαι

180 2049 291 2128 οἷόνπερ
318 2050 422 2128 α’ττέβη·
465 2052 554 2112 καίτοι
584 2050 660 2128 ἦσάν
690 2076 723 2133 γε
755 2051 813 2132 [καὶ
841 2051 979 2134 ἐγένοντο]

178 2139 281 2216 ταύτην
300 2139 352 2217 τήν
371 2140 478 2218 ήμέρην
497 2143 593 2220 μακρῷ
613 2139 753 2215 ἀμείνονες
770 2139 849 2198 αὐτοὶ
866 2143 978 2209 ἑωυτῶν,

179 2226 208 2308 [ἢ
222 2229 292 2306 πρός
304 2229 437 2310 Εὐβοίη]
450 2234 505 2292 πᾶς
516 2255 559 2292 τις
570 2227 796 2305 προθυμεόμενος
812 2227 858 2286 καὶ
877 2227 979 2304 δειμαί-

180 2321 238 2376 νων
253 2318 368 2394 Ξέρξην·
406 2317 497 2377 ἐδόκεέ
515 2343 546 2376 τε
567 2317 685 2379 ἕκαστος
705 2314 804 2376 ἑωυτόν
826 2315 980 2391 θεήσεσθαι

179 2406 315 2480 βασιλέα.

133 2494 169 2548 87
221 2492 303 2551 Κατὰ
340 2495 368 2552 ἐν
388 2493 421 2570 δή
439 2493 503 2556 τούς
520 2493 626 2558 ἄλλους
649 2493 699 2554 οὐκ
718 2495 732 2553 ἐ
750 2521 771 2554 ω
812 2493 917 2564 ετεξετέ
934 2519 980 2558 ους

316 2519 338 2568 μ
626 2541 634 2568 ι
730 2520 750 2573 Χ
789 2520 811 2571 μ
915 2521 932 2571 Ρ

180 2584 266 2640 εἰπεῖν
285 2579 425 2657 ἀτρεκέως,
447 2580 482 2643 οἷς
503 2581 614 2640 ἕκαστοι
636 2587 690 2642 τῶν
710 2582 867 2659 βαρβάρων
887 2580 906 2656 ἢ
926 2585 980 2641 τῶν

179 2667 325 2744 Ἑλλήνων
345 2667 521 2748 ήγωνίζοντο·
557 2670 626 2729 κατά
654 2670 683 2729 δὲ
707 2670 888 2746 Ἀρτεμισίην
914 2669 980 2728 τάδε

181 2757 298 2837 ἐγένετο,
322 2755 370 2816 ἀπ’
392 2755 428 2818 ὧν
450 2757 615 2834 εὐδοκίμησε
629 2761 748 2834 ,μᾶλλον
769 2759 808 2816 ἔτι
829 2756 905 2834 παρά
925 2758 979 2832 βα-

181 2846 268 2905 σιλέϊ·
297 2845 390 2922 ἐπειδή
410 2846 465 2927 γάρ
487 2852 514 2908 ἐς
535 2847 658 2922 θόρυβον
678 2845 790 2905 πολλόν
811 2844 925 2904 άπίκετο
945 2841 981 2904 τά

179 2935 318 3009 βασιλέος
338 2933 497 3014 πρήγματα,
520 2939 548 2994 ἐν
568 2934 656 3014 τούτῳ
675 2938 714 3012 τῷ
734 2937 819 3012 καιρῷ
838 2933 857 3008 ή
878 2937 942 3008 νηῦς
961 2938 980 3010 ἡ

179 3019 357 3098 Ἀρτεμισίης
373 3021 497 3080 ε’διιόκετο
515 3020 569 3080 find
588 3022 652 3097 νηός
664 3020 802 3095 Ἀττικῆς·
825 3021 871 3079 καὶ
889 3019 916 3096 ἢ,
931 3019 981 3080 οὐκ

180 3108 284 3186 ἔχουσα
312 3109 480 3189 διαφυγέειν·
522 3109 665 3185 ἔμπροσθε
698 3107 753 3190 γάρ
788 3107 873 3184 αὐτῆς
907 3106 981 3184 ἦσαν

179 3193 266 3254 ἄλλαι
287 3201 350 3273 νῆες
372 3199 466 3272 φίλιαι
482 3197 502 3272 ή
521 3197 550 3255 δὲ
566 3196 652 3272 αὐτῆς
672 3197 741 3273 πρός
762 3201 817 3256 τῶν
838 3198 981 3273 πολεμίων

180 3281 308 3354 μάλιστα
321 3285 454 3362 ἐτύγχανε
471 3287 565 3342 ἐοῦσα·
588 3284 665 3352 ἔδοξέ
680 3287 707 3340 οἱ
724 3283 788 3342 τάδε
805 3285 935 3358 ποιῆσαι,
948 3283 981 3344 τό
