2276 3538
385 467 735 540 ἩΡΟΔΟΤΟΥ

284 649 541 718 ἸΣΤΟΡΙΩΝ
576 648 828 718 ἘΒΔΟΜΗ

509 819 609 847 -0—

447 940 668 994 ΠΟΛΥΜΝΙΑ.

151 1059 166 1116 l
222 1055 326 1115 ἘΠΕΙ
347 1056 376 1116 δέ
397 1055 515 1136 ἀγγελίη
535 1055 649 1116 άπίκετο
670 1055 733 1132 περὶ
751 1059 800 1130 τῆς
820 1052 913 1131 μάχης
930 1055 980 1127 τῆς

184 1149 212 1204 ἐν
228 1144 382 1220 Μαραθῶνι
399 1145 548 1223 γενομένης
563 1143 639 1221 παρά
658 1144 785 1219 βασιλέα
799 1144 918 1217 Δαρεῖον
931 1139 981 1216 τὸν

182 1231 368 1304 Ὑστάσπεος,
386 1233 431 1290 καὶ
450 1233 515 1308 πρὶν
533 1231 663 1313 μεγάλως
681 1230 887 1311 κεχαραγμένον
904 1232 981 1290 τοῖσι

182 1319 356 1396 Ἀθηναίοισι
374 1320 419 1379 διά
436 1320 489 1395 την
507 1325 534 1383 ἐς
553 1319 653 1395 Σάρδις
673 1318 809 1393 ἐσβολὴν,
827 1317 872 1374 καὶ
886 1315 920 1391 δὴ
934 1317 981 1374 καὶ

183 1401 247 1460 τότε
265 1405 364 1480 πολλῷ
382 1427 413 1460 τε
430 1399 568 1477 δεινότερα
582 1401 671 1458 ἐποίεε
685 1400 730 1456 καὶ
743 1403 856 1475 μᾶλλον
870 1396 980 1474 ὥρμητο

182 1488 385 1564 στρατεύεσθαι
395 1489 439 1546 ἐπὶ
452 1489 504 1562 την
513 1487 648 1546 Ἑλλάδα.
671 1487 716 1544 καὶ
729 1485 826 1544 αὐτίκα
836 1487 887 1561 μὲν
897 1490 980 1566 ἐπηγ-

182 1576 302 1655 γέλλετο
326 1576 442 1652 πέμπων
465 1575 600 1655 ἀγγέλους
625 1574 695 1634 κατά
715 1573 805 1642 πόλις,
829 1573 981 1649 ἑτοιμάζειν

183 1662 325 1738 στρατιὴν,
345 1666 445 1740 πολλῷ
461 1663 537 1720 πλέω
553 1662 713 1722 ἐπιτάσσων
726 1661 744 1737 ἢ
757 1660 894 1737 πρότερον
909 1687 979 1738 παρ-

184 1755 266 1828 εῖχον,
282 1751 327 1808 καὶ
343 1751 405 1812 νέας
423 1777 454 1808 τε
476 1752 521 1809 καὶ
538 1751 637 1814 ἵππους
656 1751 701 1809 καὶ
718 1754 798 1809 σῖτον
819 1750 864 1807 καὶ
882 1753 979 1808 πλοῖα·

182 1837 286 1897 τούτων
306 1837 336 1896 δὲ
356 1837 641 1918 περιαγγελλομένων,
658 1838 675 1914 ἡ
692 1837 776 1913 Ἀσίη
793 1837 914 1896 ἐδονέετο
935 1838 981 1895 ἐπὶ

182 1926 245 2002 τρία
259 1927 327 1997 ἔτεα,
343 1927 571 2006 καταλεγομένων
583 1951 612 1984 τε
626 1929 680 1984 τῶν
694 1924 815 2000 ἀρίστων
826 1923 860 1986 ὦς
874 1924 920 1982 ἐπὶ
929 1923 981 1999 την

181 2012 307 2072 Ἐλλάδα
334 2013 588 2090 στρατευσαμένων,
614 2013 660 2071 καὶ
687 2010 980 2089 παρασκευαζομένων.

182 2101 303 2182 τετάρτῳ
324 2103 353 2161 δὲ
374 2102 427 2160 ἔτεϊ
448 2102 604 2182 Αἰγύπτιοι,
621 2100 676 2160 ὖπό
694 2099 859 2176 Καμβύσεω
880 2093 981 2158 δουλω-

185 2189 283 2260 θέντες,
309 2190 475 2265 ἀπέστησαν
495 2189 550 2248 οἷπό
572 2189 715 2264 Περσέων·
744 2190 861 2247 ἐνθαῦτα
881 2187 915 2263 δὴ
936 2189 982 2246 καὶ

183 2282 296 2354 μᾶλλον
316 2277 427 2354 ὥρμητο
449 2277 493 2334 καὶ
512 2275 553 2334 ἐπ’
571 2275 747 2352 ἀμφοτέρους
768 2274 981 2352 στρατεύεσθαι.

156 2364 377 2441 2Στελλομένου
399 2364 428 2421 δὲ
442 2364 562 2440 Δαρείου
576 2363 617 2422 ἐπ’
637 2363 778 2444 Αἴγυπτον
795 2363 839 2420 καὶ
852 2362 981 2438 Ἀθήνας,

182 2456 237 2511 τῶν
254 2451 358 2510 παιῧων
374 2450 459 2510 αὐτοῦ
478 2451 580 2513 στάσις
601 2451 708 2530 ἐγένετο
727 2451 837 2531 μεγάλη
856 2452 983 2527 περὶτῆς

183 2538 341 2618 ἡγεμονίης·
363 2538 397 2601 ὠς
411 2539 453 2597 δεῖ
464 2565 512 2615 μιν
525 2538 696 2608 ἀποδέξαντα
709 2537 837 2614 βασιλέα
851 2536 920 2596 κατά
933 2538 983 2598 τόν

185 2618 318 2695 Περσέων
327 2619 419 2696 νόμον,
428 2619 498 2678 οὕτω
506 2619 717 2696 στρατεύεσθαι·
730 2618 805 2693 ἦσαν
811 2619 865 2699 γάρ
875 2621 983 2700 Δαρείῳ

184 2708 230 2766 καὶ
250 2706 386 2785 πρότερον
403 2707 421 2783 ἢ
437 2710 613 2784 βασιλεῦσαι
629 2707 774 2787 γεγονότες
789 2711 862 2783 τρεῖς
878 2706 982 2777 παῖδες,

185 2801 215 2854 ἐκ
234 2800 284 2871 τῆς
304 2796 439 2873 προτέρης
462 2797 590 2876 γυναικός
614 2794 752 2872 Γωβρύεω
773 2795 915 2876 θυγατρὸς,
938 2795 984 2853 καὶ

183 2884 392 2960 βασιλεύσαντι
413 2885 443 2953 ἐξ
461 2882 604 2959 Ἀτόσσης
623 2887 673 2958 τῆς
695 2883 789 2960 Κύρου
812 2884 899 2960 ἕτεροι
919 2882 982 2942 τέσ-

185 2998 274 3050 σερες·
295 2977 349 3032 τῶν
365 2975 416 3048 μὲν
433 2971 466 3046 δη
481 2971 622 3048 προτέρων
641 2971 796 3047 ἐπρέσβευε
808 2971 984 3047 Ἀρταβαζά-

185 3085 241 3134 νης,
258 3059 360 3119 τῶνδὲ
377 3058 577 3138 ἐπιγενομένων
593 3058 708 3134 Ξέρξης·
726 3059 815 3122 ἐόντες
833 3059 862 3117 δὲ
877 3059 984 3135 μητρός

186 3146 218 3206 οὗ
241 3152 291 3221 τῆς
315 3146 406 3220 αὐτῆς,
432 3145 608 3214 ἐστασίαζον·
644 3145 660 3204 ὁ
687 3149 738 3221 μὲν
762 3145 983 3222 Ἀρτοβαζάνης,

186 3233 280 3290 κατότι
300 3231 496 3307 πρεσβύτατός
516 3257 546 3288 τε
568 3233 609 3307 εἴη
629 3233 732 3295 παντός
759 3238 808 3292 τοῦ
832 3233 917 3309 γόνου
938 3235 984 3292 καὶ
