2268 3536
167 174 198 221 ιι
479 173 671 226 Ἦνοιοιοτ,
921 171 967 238 [ν.

165 251 343 330 στασιώτῃσι
356 251 406 314 ταὶς
419 249 507 330 α’ρχάς
527 253 680 330 ἐνεχείριζε.
710 250 924 328 ἐπισταθείσης
938 254 967 314 δέ

165 345 216 415 τῆς
239 342 349 416 βουλῆς
376 341 422 397 καὶ
450 339 481 399 οὕ
505 341 683 417 βουλομένης
710 341 866 409 πείθεσθαι,
891 340 908 400 ὅ
936 367 968 402 τε

166 431 329 505 Κλεομένης
349 430 394 486 καὶ
413 428 428 488 ὁ
446 428 595 509 Ἰσαγόρης
612 429 658 487 καὶ
672 432 699 487 οἱ
710 433 866 488 στασιῶται
882 430 967 490 αὐτοῦ

165 517 418 595 καταλαμβάνουσι
442 517 493 594 τήν
516 517 680 594 ἀκρόπολιν·
711 517 864 594 Ἀθηναίων
887 519 917 578 δὲ
938 519 965 578 οἶ

167 607 272 678 λοιποὶ,
294 607 329 666 τά
350 606 419 665 αὐτά
445 605 637 684 φρονήσαντες
660 605 840 682 ἐπολιόρκεον
868 605 967 671 αὖτοῦς

164 694 271 773 ἡμέρας
298 695 355 754 δύο·
385 699 420 774 τῇ
449 695 478 753 δὲ
503 697 583 773 τρίτη
607 694 782 754 ὖπόσπονδοι
808 693 967 773 ἐξέρχονται

166 788 195 841 ἐκ
228 789 278 860 τῆς
308 784 400 862 χώρης
430 782 494 842 ὅσοι
525 782 599 858 ἦσαν
627 782 717 842 αὐτῶν
743 781 966 858 Λακεδαιμόνιοι.

165 874 327 931 ἐπετελέετο
341 873 370 930 δέ
388 876 426 950 τῷ
443 872 598 948 Κλεομένεΐ
611 871 630 948 η’
644 871 735 947 φήμη·
758 869 793 933 ὦς
806 869 861 952 γάρ
877 869 966 949 άνέβη

166 965 193 1022 ἐς
206 960 258 1036 τήν
272 960 426 1037 ἀκρόπολιν
438 961 551 1036 μέλλων
565 959 598 1034 δή
613 959 700 1036 αὐτήν
711 959 913 1037 κατασχήσειν,
924 959 967 1036 ἤϊε

165 1053 193 1111 ἐς
213 1049 246 1108 τό
268 1049 367 1108 ἄδυτον
387 1053 437 1124 τῆς
461 1049 525 1108 θεοῦ
549 1048 584 1110 ὦς
604 1049 772 1125 προσερέων·
800 1047 819 1123 η’
840 1047 870 1106 δὲ
892 1050 967 1126 ἶρηΐη

165 1137 346 1206 ἐξαναστᾶσα
362 1143 391 1196 ἐκ
408 1141 458 1196 τοῦ
477 1137 576 1213 θρόνου
594 1137 659 1214 πρὶν
675 1135 693 1212 ἢ
710 1135 759 1198 τάς
779 1135 864 1211 θύρας
884 1135 967 1198 αὐτόν

164 1223 291 1304 α’μεῦμαι,
314 1226 383 1285 εἶπε·
405 1225 425 1285 ὦ
446 1226 518 1295 ξεῖνε
539 1224 748 1301 Λακεδαιμόνιε,
763 1224 851 1284 πάλιν
871 1225 965 1304 χιόρει,

163 1315 226 1390 μηδΙ
249 1317 322 1376 ἔσιθι
351 1315 377 1378 ἐς
404 1314 438 1375 τό
466 1314 534 1391 ἱρόν·
557 1313 589 1373 οὗ
610 1313 666 1395 γάρ
693 1313 806 1390 θεμιτόν
829 1317 967 1390 Δωριεῦσι

164 1406 291 1480 παριέναι
311 1403 454 1464 ἐνθαῦτα·”
484 1403 499 1463 ὁ
521 1404 551 1462 δέ
570 1403 638 1461 εἶπε·
667 1401 715 1460 “ὦ
737 1401 825 1482 γύναι,
847 1401 913 1460 ἀλλ’
936 1403 967 1462 οὖ

167 1492 287 1568 Δωριεύς
308 1497 362 1568 εἰμι
380 1492 446 1550 ἀλλ’
460 1491 599 1570 Ἀχαιός.”
641 1491 657 1550 ό
675 1493 726 1567 μέν
740 1489 774 1565 δή
788 1495 823 1567 τῇ
838 1490 968 1566 κλεηδόνι

166 1578 244 1638 οὐδὲν
276 1579 439 1657 χρεώμενος,
467 1579 633 1657 ἐπεχείρησέ
661 1605 692 1637 τε
717 1579 763 1637 καὶ
789 1579 853 1638 τότε
882 1579 968 1639 πάλιν

166 1665 295 1735 ἐξέπιπτε
314 1668 385 1744 μετά
406 1671 460 1726 τῶν
479 1667 711 1743 Λακεδαιμονίων·
733 1668 797 1730 τούς
816 1667 845 1725 δὲ
863 1665 968 1731 ἅλλους

166 1753 309 1830 Ἀθηναῖοι
328 1755 482 1830 κατέδησαν
500 1755 551 1830 τήν
566 1755 611 1814 ἐπὶ
630 1754 747 1834 θανάτῳ·
769 1754 799 1814 ἐν
813 1756 842 1814 δέ
858 1754 968 1815 αὐτοῖσι
1013 1811 1017 1820 ,

167 1843 213 1900 καὶ
226 1844 398 1919 Τιμησίθεον
411 1843 461 1902 τόν
477 1843 603 1919 Δελφόν,
617 1848 667 1903 τοῦ
682 1846 750 1924 ἔργα
763 1846 865 1922 χειρῶν
878 1869 909 1902 τε
923 1845 968 1903 καὶ

165 1931 291 2007 λήματος
313 1931 400 2009 ἔχοιμ’
418 1929 451 1990 ἂν
473 1933 595 2012 μέγιστα
619 1933 778 2002 καταλέξαι.
821 1931 897 1990 οὗτοι
917 1933 969 2008 μέν

119 2021 156 2080 73
167 2046 215 2078 νυν
225 2020 364 2096 δεδεμένοι
375 2021 568 2096 ἐτελεύτησαν.
597 2021 741 2096 Ἀθηναῖοι
755 2020 785 2078 δέ
798 2019 868 2096 μετά
882 2025 969 2079 ταῦτα

167 2109 341 2169 Κλεισθένεα
360 2109 406 2167 καὶ
419 2108 454 2166 τά
469 2109 624 2168 ἑπτακόσια
641 2110 754 2168 ἐπίστια
767 2108 802 2168 τά
817 2108 969 2187 διωχθέντα

165 2195 218 2256 ὖπὸ
240 2199 415 2274 Κλεομένεος
436 2197 693 2274 μεταπεμψάμενοι,
716 2196 860 2272 πέμπουσι
885 2195 967 2278 ἀγγέ-

166 2289 233 2348 λους
255 2291 281 2348 ἐς
296 2286 396 2362 Σάρδις
418 2286 583 2364 συμμαχίην
601 2285 773 2361 βουλόμενοι
793 2284 969 2360 ποιήσασθαι

166 2374 236 2449 πρὸς
256 2376 380 2450 Πέρσας·
408 2373 564 2449 ἠπιστέατο
582 2373 637 2454 γάρ
657 2380 712 2448 σφι
733 2373 970 2449 Λακεδαιμονίους

166 2487 197 2520 τε
218 2463 263 2519 καὶ
280 2462 443 2536 Κλεομένεα
464 2463 725 2538 ἐκπεπολεμῶσθαι·
744 2460 918 2537 α’πικομένων
941 2461 970 2519 δὲ

167 2553 222 2608 τῶν
240 2549 368 2630 ἀγγέλων
382 2554 409 2611 ἐς
429 2549 478 2612 τάς
499 2549 600 2626 Σάρδις
621 2551 667 2607 καὶ
688 2547 827 2630 λεγόντων
845 2548 881 2607 τά
898 2552 969 2607 ἐντε-

167 2637 300 2713 ταλμένα,
313 2636 504 2714 Ἀρταφέρνης
518 2637 533 2697 ὁ
547 2636 733 2706 Ὑστάσπεος,
748 2637 872 2713 Σαρδίων
884 2635 971 2713 ὕπαρ-

167 2751 227 2803 χος,
252 2725 385 2802 ἐπειριότα
406 2728 476 2789 τίνες
504 2727 594 2790 ἐόντες
618 2726 758 2803 ἅνθρωποι
786 2727 830 2784 καὶ
854 2729 894 2800 πῆ
917 2729 970 2806 γῆς

169 2815 308 2889 οἰκημένοι
322 2814 429 2873 δεοίατο
444 2814 577 2892 Περσέων
591 2814 738 2892 σύμμαχοι
751 2815 900 2894 γενέσθαι;
921 2840 970 2872 πυ-

168 2900 285 2976 θόμενος
311 2902 340 2960 δὲ
368 2903 437 2979 πρός
461 2907 516 2962 τῶν
543 2901 678 2982 ἀγγέλων,
704 2901 884 2977 άπεκορύφου
914 2909 970 2974 σφι

167 2988 242 3048 τάδε·
264 2994 287 3048 εἰ
307 2993 359 3066 μὲν
373 2991 482 3048 διδοῦσι
500 2990 621 3065 βασιλέϊ
636 2989 744 3068 Δαρείῳ
758 2987 903 3066 Ἀθηναῖοι
916 2993 971 3070 γῆν

167 3103 199 3136 τε
213 3079 258 3136 καὶ
272 3077 382 3155 ὕδωρ,ό
403 3078 432 3136 δὲ
453 3078 618 3155 συμμαχίην
640 3084 695 3152 σφι
717 3079 888 3138 συνετίθετο·
904 3077 971 3136 εἰδὲ

167 3165 208 3242 μή
230 3167 346 3238 διδοῦσι,
369 3163 613 3224 ἀπαλλάσσεσθαι
635 3164 733 3229 αὐτοῦς
751 3167 870 3226 ἐκέλευε·
896 3169 922 3224 οἱ
941 3165 971 3226 δὲ

168 3251 285 3333 ἄγγελοι
304 3254 349 3311 ἐπὶ
371 3255 467 3327 σφέων
486 3252 575 3311 αὐτῶν
593 3254 751 3330 βαλόμενοι
777 3255 882 3314 διδόναι
904 3255 970 3329 ἔφα·

168 3357 232 3407 σαν,
243 3340 415 3414 βουλόμενοι
432 3343 483 3414 τήν
500 3340 663 3419 συμμαχίην
677 3341 864 3417 ποιήσασθαι.
893 3338 971 3402 οὗτοι
