2262 3534
114 1759 155 1861 ἰι

159 141 207 190 ιιι
459 134 653 184 ιιιιοιονοτ
894 131 957 197 [ιιι.

156 216 222 280 τοῦς
253 215 430 292 δαινυμένους
455 215 579 290 Πέρσας,
606 213 652 271 καὶ
682 212 732 272 τόν
759 211 884 289 στρατόν
911 213 960 273 τόν

159 305 293 379 ἐλίπομεν
312 304 358 360 ε’πὶ
377 307 416 380 τῷ
435 305 552 380 ποταμῷ
572 299 877 378 στρατοπεδευόμενον;
899 302 959 360 τού·

158 419 212 452 των
230 391 339 452 πόντων
355 389 445 468 ὄψεαι,
461 388 560 469 ὀλίγου
579 389 653 451 τινός
671 387 774 466 χρόνον
793 388 961 463 διελθόντος,

158 479 272 561 ὀλίγους
284 478 360 542 τινάς
376 478 441 540 τοῦς
458 475 710 558 περιγενομένους.”
750 477 885 536 ταῦτάτε
902 476 960 554 ἅμα

159 567 209 628 τόν
219 568 336 644 Πέρσην
349 567 451 646 λέγειν,
463 565 508 623 καὶ
521 567 643 642 μετιέναι
655 564 754 623 πολλὰ
763 569 818 624 τῶν
829 565 959 642 δακρύων·

160 655 242 718 αύτὸς
268 656 297 714 δὲ
322 654 454 731 θωμάσας
477 652 527 713 τόν
550 652 646 734 λόγον,
670 657 755 712 εἰπεῖν
776 652 846 730 πρὸς
867 652 959 713 αὐτόν·

160 743 273 803 ιὀύκῶν
291 743 439 820 Μαρδονίῳ
456 768 488 802 τε
507 745 595 801 ταῦτα
615 740 699 820 χρεόν
715 747 777 800 ἐστι
795 741 894 822 λέγειν,
916 743 961 800 καὶ

158 836 235 891 τοῖσι
250 829 309 907 μετ’
324 834 427 889 ἐκεῖνον
443 835 472 890 έν
488 831 550 907 α’ίιη
570 833 648 889 ἐοῦσι
668 829 802 905 Περσέων
811 828 834 897 ;”
861 829 911 888 τόν
932 829 961 888 δὲ

159 919 230 996 μετά
242 923 330 978 ταῦτα
346 921 441 977 εἰπεῖν·
463 927 481 952 “
489 918 566 990 ξεῖνε,
587 916 603 976 ὅ
619 942 647 976 τι
662 917 705 984 δεῖ
720 916 854 998 γενέσθαι
867 922 898 976 ἐκ
910 914 961 976 τοῦ

161 1007 225 1066 θεοῦ
259 1005 403 1086 ἀμήχανον
437 1005 594 1083 ἀποτρέψαι
627 1004 770 1083 ἀνθρώπῳ·
812 1004 874 1064 οῦδὲ
906 1004 961 1086 γὰρ

157 1095 249 1158 ,πιστά
272 1095 389 1176 λέγουσι
413 1095 502 1154 ἐθέλει
524 1094 670 1154 πείθεσθαι
692 1093 787 1155 ούδείς·
822 1097 909 1152 ταῦτα
932 1093 962 1152 δὲ

161 1185 294 1260 Περσέων
323 1183 423 1261 συχνοὶ
456 1181 635 1258 ἐπισπόμενοι
670 1180 793 1257 ἑπόμεθα
827 1180 962 1261 ἀναγκαίῃ

157 1271 337 1348 Ιἐνδεδεμένοι·
360 1271 477 1348 ἐχθίστη
498 1270 528 1328 δὲ
550 1268 631 1344 ὀδύνη
653 1271 713 1328 ε’στῖ
734 1273 789 1328 τῶν
811 1275 839 1326 ἐν
860 1269 962 1345 ἀνθρύ-

162 1385 242 1418 ποισι
266 1358 343 1435 αῦτη,
368 1358 464 1428 πολλοὶ
492 1359 646 1434 φρονέοντα
671 1358 787 1434 μηδενός
815 1359 963 1432 κρατέειν.’

161 1452 249 1508 ταῦτα
261 1450 313 1523 μὲν
325 1451 375 1506 τοῦ
394 1445 579 1525 Ὀρχομενίου
594 1445 773 1522 Θερσάνδρου
793 1445 901 1520 ἤκουον,
917 1445 962 1504 καὶ

161 1536 226 1598 ,τάδε
249 1536 319 1613 πρός
344 1535 478 1605 τούτοισι,
500 1534 536 1597 «ῦς
556 1533 638 1596 αῦτός
658 1533 755 1593 αῦτίκα
776 1535 856 1613 λέγοι
875 1538 963 1593 ταῦτα

161 1622 232 1699 πρός
245 1622 404 1699 ἀνθρώπους
420 1621 557 1700 πρότερον
571 1620 590 1698 ἢ
607 1622 739 1703 γενέσθαι
755 1626 784 1681 έν
798 1625 963 1700 Πλαταιῇσι

161 1711 329 1788 τήννάκιν·

204 1799 364 1874 Μαρδονίου
379 1797 409 1856 δέ
427 1803 456 1856 έν
471 1802 507 1877 τῇ
526 1798 644 1878 Βοιωτίῃ
663 1799 961 1875 στρατοπεδευομένου,

162 1887 190 1944 οἱ
215 1887 267 1961 μὲν
293 1884 379 1944 ἄλλοι
404 1887 571 1964 παρείχοντο
598 1885 718 1949 ἅπαντες
745 1886 888 1963 στρατιήν,
917 1887 963 1944 καὶ

163 1975 360 2050 συνεσέβαλον
374 1979 401 2036 ές
412 1973 533 2050 Ἀθήνας
546 1973 663 2050 ὅσοιπερ
678 1974 805 2049 ἐμήδιζον
818 1973 963 2047 Ἑλλήνων

162 2065 218 2124 τῶν
234 2061 322 2140 ταύτῃ
341 2064 499 2137 οἰκημένων·
520 2066 619 2137 μοῦνοι
638 2062 667 2120 δέ
683 2065 788 2124 Φωκέες
802 2060 834 2120 οῦ
849 2062 962 2120 συνεσέ-

162 2151 267 2226 βαλον·
298 2148 426 2226 ἐμήδιζον
452 2149 507 2230 γὰρ
535 2151 568 2224 δή
592 2150 706 2226 σφόδρα
732 2149 777 2208 καὶ
803 2148 887 2219 οῦτοι,
912 2148 962 2207 οῦκ

162 2325 233 2402 μετά
245 2326 297 2400 τήν
310 2324 405 2394 ἄπιξιν
417 2326 468 2401 τήν
479 2329 505 2388 ἒς
519 2325 619 2400 Θήβας
629 2325 755 2402 ὕστερον,
770 2325 859 2400 ἦλθον
872 2324 963 2384 αύτιῦν

163 2412 277 2472 ὁπλῖται
292 2415 389 2490 χίλιοι·
410 2412 462 2492 ἦγε
478 2413 508 2472 δὲ
527 2413 626 2476 αύτούς
638 2412 812 2490 Ἁρμοκύδης
825 2411 896 2489 ἀνήρ
908 2415 963 2472 τῦν

163 2499 257 2558 ἀστῶν
278 2500 472 2576 δοκιμιίντατος·
503 2501 562 2558 ε’πεὶ
581 2501 610 2559 δὲ
631 2499 750 2560 ἀπίκατο
772 2501 818 2559 καὶ
839 2497 916 2560 οὗτοι
937 2505 964 2561 ές

163 2587 270 2662 Θήβας,
284 2589 397 2665 πέμψας
411 2587 426 2647 ό
440 2587 599 2665 Μαρδόνιος
613 2591 719 2658 ἱππέας,
732 2589 863 2647 ἐκέλευσέ
871 2593 964 2661 σφεας

163 2674 205 2734 ἔπ’
226 2678 331 2733 έωυτῶν
361 2680 389 2734 έν
416 2681 454 2754 τῷ
482 2677 565 2756 πεδίῳ
595 2677 712 2746 ἵζεσθαι·
748 2678 807 2736 ε’πεὶ
831 2677 861 2735 δὲ
890 2673 962 2734 έποί-

161 2788 237 2839 ησαν
257 2766 353 2833 ταῦτα,
375 2762 473 2822 αὐτίκα
494 2769 587 2840 παρῆν
610 2764 628 2840 ή
651 2767 734 2827 ἵππος
758 2765 865 2824 ἅπασα·
893 2762 964 2840 μετά

164 2851 194 2912 δέ
214 2854 309 2920 ταῦτα,
331 2850 459 2926 διεξῆλθε
479 2855 530 2924 μὲν
557 2851 602 2911 διά
630 2856 679 2911 τοῦ
703 2852 894 2928 στρατοπέδου
914 2855 963 2910 τοῦ

163 2937 331 3014 Ἑλληνικοῦ
364 2944 414 2998 τοῦ
443 2938 515 3014 μετά
547 2939 650 3014 Μήδων
681 2940 774 3003 ἐόντος
809 2940 899 3016 φήμη,
929 2938 962 3000 ὥς

167 3029 340 3086 κατακοντιεῖ
358 3027 458 3100 σφέας·
487 3026 615 3100 διεξῆλθε
636 3027 665 3085 δὲ
685 3025 718 3085 δι’
739 3027 829 3087 αὐτῶν
849 3027 963 3086 Φωκέων

164 3112 251 3173 τιόυτὸ
268 3118 360 3174 τοῦτο·
382 3114 447 3172 ἔνθα
462 3113 497 3188 δή
516 3119 572 3188 σφι
588 3113 604 3172 ό
622 3113 780 3194 στρατηγός
792 3113 964 3192 Ἁρμοκύδης

166 3202 296 3277 παραίνεε
317 3202 407 3281 λέγων
427 3199 529 3260 τοιόδε·
558 3199 605 3258 “03
625 3203 738 3270 Φωκέες,
758 3203 888 3279 πρόδηλα
908 3201 963 3284 γάρ

165 3285 209 3346 ὅτι
228 3287 315 3362 ήμέας
342 3285 419 3346 οῦτοι
446 3291 472 3346 οἱ
499 3286 638 3364 ἅνθρωποι
664 3290 805 3364 μέλλουσι
832 3289 964 3368 προόπτῳ
