2278 3538
198 157 244 210 176
505 162 684 214 ἨΡΟΔΟΤΟΤ
911 160 988 221 [vn.

242 240 326 296 μοῦνον
336 239 471 302 ἀπόρθητον
482 245 596 306 τελέθειν,
608 247 637 292 τὸ
649 244 677 292 σὲ
688 242 759 291 τέκνα
771 242 794 290 τ’
805 244 891 302 ὀνήσει.

242 313 303 369 μηδὲ
314 315 344 359 σί
354 313 379 373 γ’
390 316 523 375 ἱπποσύνην
534 335 562 364 τε
573 320 649 376 μένειν
661 317 701 364 καῖ
713 317 783 375 πεζὸν
794 317 861 363 ίθντα

242 385 334 431 πολλὸν
346 386 387 432 ἀπ’
397 388 494 449 ἠπείρου
505 392 608 450 στρατὸν
619 388 716 450 ἥσυχος,
728 387 783 435 ἀλλ’
795 387 926 450 ὑποχωρεῖν

242 456 316 503 νῶτον
327 458 482 520 ἐπιστρέψας
502 462 538 508 ἔτι
546 479 583 508 τοι
595 462 651 510 κοτὲ
661 462 754 509 κάντίος
766 461 834 520 ἔσσῃ,

242 525 261 574 ὤ
273 529 325 587 θείη
336 531 452 590 Σαλαμίς,
468 533 566 581 ἀπολεῖς
578 535 603 581 δέ
614 535 645 582 σὺ
655 534 728 582 τέκνα
738 533 863 593 γυναικῶν,

241 598 259 658 ἤ
269 617 315 646 που
326 603 478 662 σκιδναμένης
490 606 633 666 Δημήτερος,
649 606 805 664 ἡσυνιούσης.

147 703 202 761 142
212 705 306 765 Ταῦτά
318 713 375 783 σφι
387 707 527 787 ἠπιώτερα
539 709 594 790 γάρ
612 714 666 769 τῶν
679 709 818 787 προτέρων
837 710 882 768 καὶ
895 707 931 785 ἦν
944 709 989 767 καὶ

192 791 282 852 ἐδόκεε
305 794 380 868 εἶναι,
400 797 631 878 συγγραψάμενοι
649 797 872 857 ἀπαλλάσσοντο
894 803 920 860 ἐς
940 796 989 858 τάς

192 878 319 955 Ἀθήνας·
343 883 379 946 ῶς
399 884 428 942 δὲ
448 883 617 948 ἀπελθόντες
634 889 661 945 οἱ
677 885 828 962 θεοπρόποι
846 884 988 966 ἀπήγγελ-

190 970 243 1026 λον
256 973 283 1031 ἐς
295 969 344 1030 τδν
357 972 453 1048 δῆμον,
466 977 574 1053 γνῶμαι
587 975 633 1032 καὶ
645 973 733 1032 ἅλλαι
745 973 852 1032 πολλαὶ
865 975 988 1053 ἐγίνοντο

190 1055 339 1132 διζημένων
351 1059 383 1119 τδ
396 1061 538 1138 μαντήϊον,
550 1062 596 1120 καὶ
606 1061 665 1122 οἶδε
675 1065 871 1137 συνεστηκυῖαι
883 1060 987 1138 μάλισ-

189 1170 234 1204 τα·
248 1150 302 1206 τῶν
315 1151 513 1227 πρεσβυτέρων
524 1152 621 1232 ἔλεγον
629 1151 808 1227 μετεξέτεροι,
820 1149 923 1210 δοκέειν
931 1158 987 1228 σφι

188 1232 238 1294 τῶν
251 1235 315 1296 θεάν
329 1237 381 1312 τήν
398 1236 552 1316 ἀκρόπολιν
569 1243 675 1317 χρῆσαι
694 1239 884 1316 περιέσεσθαι·
900 1237 919 1314 ή
932 1239 986 1320 γάρ

189 1321 341 1400 ἀκρόπολις
356 1326 389 1386 τδ
405 1325 495 1385 πάλαι
511 1331 566 1386 τῶν
578 1326 716 1402 Ἀθηνέων
728 1330 804 1404 ῥηχῷ
817 1327 985 1403 ἐπέφρακτο·

189 1415 216 1471 οἱ
227 1415 280 1490 μὲν
293 1414 327 1490 δή
341 1414 411 1474 κατά
422 1415 472 1474 τάν
485 1413 617 1496 φραγμδν
632 1413 845 1490 συνεβάλλοντο
858 1419 940 1474 τοῦτο
952 1415 985 1475 τῶ

191 1501 303 1572 ξύλινον
320 1508 412 1582 τεῖχος
433 1503 512 1562 εἶναι·
536 1507 562 1562 οῖ
582 1502 605 1561 δ’
627 1501 661 1562 αὖ
678 1504 776 1583 ἔλεγον
790 1503 840 1566 τάς
855 1504 917 1566 νέας
934 1530 984 1582 ση-

188 1591 294 1666 μαίνειν
307 1590 357 1650 τῶν
375 1590 446 1660 θεῶν,
461 1591 506 1650 καὶ
519 1590 620 1653 ταύτας
633 1592 840 1668 παραρτέεσθαι
858 1593 985 1654 ἐκέλευον

188 1677 223 1736 τοὶ
241 1677 318 1737 ἀλλα
335 1677 462 1742 ἀπέντας.
503 1677 570 1742 τοιῖς
588 1678 625 1738 ῶν
645 1678 678 1755 δή
699 1678 749 1741 τάς
770 1679 831 1740 νέας
852 1680 985 1760 λέγοντας

141 1815 145 1824 ,
188 1766 257 1826 εἶναι
269 1766 302 1826 τδ
316 1766 428 1836 ξύλινον
440 1771 532 1847 τεῖχος
545 1769 675 1842 ἔσφαλλε
688 1765 722 1826 τά
736 1765 784 1826 δύο
794 1765 829 1826 τοὶ
840 1771 985 1827 τελευταῖα

186 1855 307 1932 ρηθέντα
319 1853 374 1914 find
387 1858 437 1930 τῆς
450 1855 567 1931 Πυθίης·

235 1978 257 2026 οῖ
266 1980 317 2038 θείη
328 1979 444 2038 Σαλαμίς,
460 1979 557 2028 ἀπολεῖς
566 1981 592 2027 δέ
603 1980 633 2026 σι)
644 1980 716 2026 τέκνα
726 1978 851 2039 γυναικῶν,

235 2051 253 2111 ἤ
263 2069 309 2100 που
318 2052 472 2110 σκιδναμένης
483 2053 620 2112 Δημήτερος
632 2050 648 2109 ἢ
659 2053 789 2109 συνιούσης.

185 2158 256 2220 κατὰ
280 2164 368 2221 ταῦτα
394 2158 429 2218 τά
456 2159 522 2220 ἔπεα
551 2159 717 2236 συνεχέοντο
742 2158 772 2215 αἶ
797 2159 904 2236 γνῶμαι
929 2162 984 2218 τῶν

186 2249 317 2325 φαμένων
336 2247 386 2310 τάς
406 2248 468 2309 νέας
487 2245 520 2306 τδ
541 2245 653 2315 ξύλινον
670 2247 762 2324 τεῖχος
781 2243 858 2304 εἶναι·
884 2247 910 2304 οἱ
928 2246 982 2326 γοὶρ

183 2336 382 2416 χρησμολόγοι
398 2335 485 2414 ταύτη
502 2338 590 2394 ταῦτα
608 2333 778 2410 ἐλάμβανον,
793 2333 828 2396 ῶς
841 2331 915 2410 ἀμφὶ
929 2336 982 2397 Σα-

184 2429 290 2500 λαμῖνα
304 2425 346 2483 δεῖ
357 2424 449 2498 σφέας
463 2423 629 2498 ἑσσωθῆναι,
643 2422 798 2500 ναυμαχίην
807 2447 982 2498 παρασκευα-

138 2515 195 2572 113
204 2514 351 2589 σομένους.
377 2511 438 2570 Ἠν
452 2511 481 2570 δὲ
496 2514 551 2570 τῶν
567 2536 609 2572 τις
621 2509 775 2586 Ἀθηναίων
787 2509 857 2587 ἀνήρ
871 2515 898 2572 ἐς
910 2508 981 2586 πρωί·

183 2626 247 2663 τους
274 2601 373 2664 νεωστὶ
399 2597 512 2676 παριῶν,
541 2602 579 2677 τῷ
606 2596 711 2674 οὕνομα
733 2601 785 2674 μὲν
809 2599 855 2672 ἔην
878 2603 982 2672 Θεμισ-

180 2689 307 2764 τοκλέης,
328 2691 394 2751 παῖς
414 2688 444 2746 δὲ
468 2686 610 2748 Νεοκλέος
635 2686 773 2744 ἐκαλέετο·
801 2682 881 2747 οὗτος
909 2681 981 2764 ῶνήρ

183 2775 235 2835 οὐκ
256 2778 311 2852 ἔφη
331 2780 388 2836 πᾶν
407 2775 496 2853 ὀρθῶς
515 2773 580 2836 τοάς
605 2772 822 2853 χρησμολόγους
848 2773 980 2850 συμβάλ-
1044 2809 1049 2826 ι

182 2865 293 2935 λεσθαι,
307 2856 397 2946 λέγων
409 2863 511 2923 τοιάδε·
526 2867 549 2921 εἰ
559 2867 586 2924 ἐς
598 2860 762 2937 Ἀθηναίους
775 2861 834 2940 εἶχε
845 2861 879 2921 τδ
892 2861 982 2927 πάθος

183 2955 325 3030 εἰρημένον
347 2952 451 3022 ἐόντως,
475 2949 524 3010 οὐκ
546 2947 581 3010 ἀν
604 2948 675 3009 οὕτω
696 2975 745 3025 μιν
768 2950 872 3010 δοκέειν
894 2949 981 3026 ήπίως

180 3043 348 3121 χρησθῆναι,
363 3039 439 3098 άλλοὶ
454 3035 514 3096 ῶδε·
532 3036 553 3095 ῶ
566 3037 687 3115 σχετλίη
698 3040 835 3115 Σαλαμίς·
857 3038 918 3099 ἀντὶ
930 3044 981 3099 τοῦ

182 3130 274 3206 ῶθείη
289 3127 424 3202 Σαλαμίς·
446 3127 522 3201 εἴπερ
534 3151 568 3206 γε
582 3126 702 3201 ἔμελλον
716 3129 742 3185 οἱ
756 3128 896 3205 οἰκήτορες
908 3126 980 3204 ἀμφ’

182 3219 252 3296 αὐτῇ
271 3213 457 3290 τελευτήσειν·
479 3213 555 3272 α’λλοῖ
573 3213 628 3294 γάρ
648 3218 675 3278 ἐς
692 3215 756 3279 τούς
773 3215 925 3292 πολεμίους
942 3218 981 3292 τῷ

181 3309 234 3385 θεῷ
255 3304 383 3381 εἰρῆσθαι
402 3301 436 3362 τδ
455 3301 635 3380 χρηστήριον,
653 3303 888 3382 συλλαμβάνοντι
908 3326 979 3360 κατα
