2268 3536
182 129 213 176 αι
495 125 678 174 mmmm
938 120 986 186 [va

179 209 207 268 ές
227 204 363 284 διώρυχας
379 203 512 281 ἑξήκοντα
526 204 572 262 καὶ
585 204 754 281 τριηκοσίας.
797 208 827 262 ἔκ
844 202 873 262 δὲ
886 202 988 278 ταύτης

178 298 229 368 τῆς
253 293 400 371 Ἀρμενίης
427 292 605 369 ε’σβάλλοντι
631 297 659 355 ές
683 292 735 368 τὴν
757 289 903 366 Ματιηνὴν
923 295 985 371 γῆν,

180 383 306 459 σταθμοί
317 386 375 442 εἰσι
383 383 525 458 τέσσερες.
555 386 585 439 ε’κ
599 380 628 438 δὲ
641 379 743 452 ταύτης
752 385 779 442 ἐς
791 377 843 454 τήν
858 379 985 454 Κισσίην

179 471 273 549 χῶρην
294 471 502 547 μεταβαίνοντι,
525 469 621 529 ἕνδεκα
645 470 776 545 σταθμοὶ,
802 466 988 548 παρασάγγαι

179 559 208 618 δὲ
222 556 274 622 δύο
286 560 331 618 καὶ
344 558 553 634 τεσσεράκοντα
566 559 612 616 καὶ
625 555 715 634 ἥμισύ
726 563 789 616 ε’στι
801 556 849 614 ἐπὶ
857 554 988 632 ποταμόν

179 646 328 724 Χοάσπην,
351 647 432 707 ε’όντα
460 648 506 705 καὶ
528 651 628 706 τοῦτον
652 647 865 722 νηυσιπέρητον·
898 643 940 702 ἐπ’
965 640 987 722 ᾧ

180 737 279 798 Σοῦσα
291 736 374 798 πόλις
390 735 572 794 πεπόλισται.
615 732 692 794 οὗτοι
705 737 732 792 οἱ
745 733 847 794 πάντες
860 733 988 809 σταθμοί

180 828 236 881 εἰσι
251 825 279 882 ἓν
298 849 346 881 εκα
356 823 402 881 καὶ
416 823 523 882 ἑκατόν.
554 823 712 904 καταγωγαὶ
724 823 776 896 μέν
791 847 838 881 νυν
849 823 986 897 σταθμῶν

132 915 170 970 53
180 913 320 970 τοσαῦταί
328 915 383 970 εἰσι
397 915 430 968 έκ
443 911 567 986 Σαρδίων
581 916 608 974 ἐς
622 913 720 974 Σοῦσα
731 909 922 985 ἀναβαίνοντι.
949 915 987 970 Εἰ

179 999 209 1058 δὲ
225 998 315 1076 ὀρθῶς
328 999 499 1076 μεμέτρηται
518 998 536 1074 ἦ
556 999 619 1062 ὁδός
639 997 658 1074 ἦ
678 999 821 1074 βασιληίη
837 1001 914 1057 τοῖσι
932 1023 985 1056 πα·

179 1088 352 1169 ρασάγγησι,
381 1088 426 1146 καὶ
454 1087 469 1146 ὁ
495 1086 682 1167 παρασάγγης
702 1087 818 1146 δύναται
835 1087 987 1163 τριήκοντα

180 1177 290 1245 στάδια,
308 1176 403 1253 ὥσπερ
420 1173 500 1238 οὗτός
518 1202 552 1256 γε
572 1174 685 1235 δύναται
703 1179 799 1243 ταῦτα,
814 1179 844 1232 ἐκ
862 1174 987 1250 Σαρδίων

182 1265 283 1324 στάδιά
298 1271 361 1325 ε’στι
374 1270 400 1328 ἐς
414 1264 449 1324 τά
462 1264 606 1340 βασιλήϊα
619 1263 655 1324 τά
668 1262 815 1339 Μεμνόνια
829 1261 987 1336 καλεόμενα

179 1354 350 1414 πεντακόσια
370 1355 415 1412 καὶ
433 1355 581 1431 τρισχίλια
599 1353 645 1410 καὶ
664 1351 759 1428 μύρια,
778 1352 987 1432 παρασαγγέων

180 1441 278 1501 ε’όντων
298 1441 469 1516 πεντήκοντα
487 1442 532 1499 καὶ
550 1441 746 1516 τετρακοσίων·
767 1438 938 1514 πεντήκοντα
956 1441 986 1500 δὲ

181 1530 226 1586 καὶ
240 1529 337 1588 ἑκατόν
350 1528 452 1587 στάδια
466 1527 507 1586 ἐπ’
521 1528 611 1606 ἡμέρῃ
626 1528 730 1606 ἑκάστῃ
747 1528 888 1597 διεξιοῦσι,
909 1527 984 1587 ἀναι-

132 1620 170 1675 54
180 1620 332 1692 σιμοῦνται
357 1616 458 1692 ἡμέραι
485 1616 589 1692 α’παρτὶ
613 1615 798 1691 ἐννενήκοντα.
842 1615 922 1674 Οὕτω
946 1618 985 1696 τῷ

180 1707 315 1784 Μιλησίῳ
328 1704 528 1786 Ἀρισταγόρῃ,
544 1707 653 1764 εἴπαντι
667 1705 737 1781 πρός
750 1705 917 1781 ’Κλεομένεα
935 1705 985 1766 τόν

182 1794 402 1869 Λακεδαιμόνιον
426 1793 495 1853 εἶναι
518 1798 600 1870 τριῶν
627 1797 720 1871 μηνῶν
741 1793 793 1868 την
815 1793 913 1854 ἄνοδον
933 1794 984 1870 τήν

181 1883 258 1959 παρὰ
268 1885 404 1958 βασιλέα,
417 1883 505 1960 ὀρθῶς
519 1885 620 1960 εἴρητο.
651 1887 675 1941 εἰ
687 1883 718 1941 δέ
730 1909 772 1945 τις
780 1883 813 1942 τό
824 1881 982 1959 άτρεκέστε-

180 1997 230 2048 ρον
244 1970 348 2031 τούτων
363 1973 405 2029 ἔτι
416 1971 531 2046 δίζηται,
547 1971 600 2051 ἐγώ
618 1974 663 2028 καὶ
677 1975 761 2030 τοῦτο
778 1971 919 2046 σημανέω
934 1972 985 2047 τήν

181 2059 236 2140 γάρ
251 2060 281 2128 ἐξ
293 2058 421 2135 Ἐφέσου
438 2064 464 2120 ές
483 2059 583 2135 Σάρδις
598 2059 662 2118 ὁδόν
677 2059 718 2117 δεῖ
731 2059 986 2139 προσλογίσασθαι

180 2147 276 2226 ταύτῃ·
319 2148 365 2205 καὶ
394 2146 428 2223 δὴ
453 2149 527 2227 λέγω
554 2147 684 2208 σταδίους
706 2147 774 2206 εἶναι.
795 2146 859 2209 τούς
880 2148 986 2212 πάντας

180 2235 237 2296 ἀπό
252 2236 402 2312 θαλάσσης
415 2240 466 2312 τῆς
478 2235 647 2310 Ἑλληνικῆς
657 2237 741 2312 μέχρι
754 2235 877 2305 Σούσων,
890 2237 985 2316 (τοῦτο

179 2324 236 2405 γάρ
258 2325 417 2400 Μεμνόνιον
439 2323 511 2383 άστυ
533 2323 683 2403 καλέεται,)
708 2323 917 2400 τεσσεράκοντα
939 2329 985 2387 καὶ

181 2413 423 2489 τετρακισχιλίους
442 2413 487 2469 καὶ
506 2413 629 2488 μυρίους·
651 2415 678 2471 οἱ
696 2412 753 2492 γάρ
772 2413 802 2482 ἐξ
813 2412 939 2490 Ἐφέσου
959 2422 985 2476 ές

182 2493 283 2568 Σάρδις
299 2493 354 2550 εἶσὶ
371 2492 580 2568 τεσσεράκοντα
597 2495 642 2550 καὶ
661 2493 841 2554 πεντακόσιοι
863 2496 984 2555 στάδιοι·

183 2582 227 2638 καὶ
241 2581 311 2640 οὕτω
325 2581 401 2657 τρισὶ
414 2581 537 2660 ἡμέρῃσι
550 2582 700 2658 μηκύνεται
713 2583 731 2658 ἦ
745 2584 877 2660 τρίμηνος
890 2583 963 2647 ὁδός.

134 2673 172 2727 55
220 2669 460 2746 Ἀπελαυνόμενος
478 2671 507 2730 δὲ
521 2670 537 2730 ό
553 2671 757 2753 Ἀρισταγόρης
776 2677 805 2730 έκ
824 2675 875 2747 τῆς
892 2672 985 2748 Σπάρ-

181 2783 238 2833 της,
262 2756 304 2832 ἤϊε
328 2763 354 2820 ε’ς
376 2760 426 2822 τάς
449 2759 569 2835 Ἀθήνας
596 2760 746 2840 γενομένας
767 2759 905 2835 τυράννων
934 2758 986 2820 ὦδε

183 2846 337 2922 ἐλευθέρας·
352 2848 411 2905 ἐπεὶ
416 2847 575 2928 Ἵππαρχον
585 2848 634 2908 τόν
645 2849 863 2925 Πεισιστράτου,
873 2847 986 2907 Ἱππίεω

182 2934 211 2992 δὲ
223 2937 274 2993 τοῦ
288 2935 421 3012 τυράννου
441 2936 592 3013 ἀδελφεόν,
607 2938 700 2997 ἰδόντα
720 2937 785 3015 ὄψιν
806 2939 933 2997 ἐνυπνίου
948 2940 987 3015 τῷ

182 3026 282 3082 ἑωυτοῦ
293 3026 376 3084 πάθεϊ
391 3025 604 3105 ἐναργεστάτην,
621 3027 758 3084 κτείνουσι
771 3026 986 3107 Ἀριστογείτων

184 3112 230 3170 καὶ
247 3111 403 3188 Ἁρμόδιος,
417 3115 496 3192 γένος
514 3112 604 3174 ε’όντες
621 3111 655 3171 τά
673 3112 805 3173 άνέκαθεν
825 3117 986 3190 Γεφυραῖοι,

181 3200 252 3275 μετά
265 3205 353 3258 ταῦτα
364 3200 572 3275 ἐτυραννεύοντο
582 3201 726 3274 Ἀθηναῖοι
738 3201 779 3259 ἐπ’
791 3204 853 3260 ἔτεα
862 3204 987 3278 τέσσερα

133 3288 172 3345 56
185 3285 263 3345 ούδέν
276 3285 379 3361 ἧσσον,
394 3285 471 3345 άλλά
483 3288 528 3344 καὶ
541 3292 663 3362 μᾶλλον,
678 3287 695 3361 τ’)
711 3289 765 3364 πρό
779 3293 838 3346 τοῦ.
876 3287 913 3346 Ἡ
935 3291 987 3365 μέν
