2278 3538
172 158 315 224 ιοο-ιιο]
494 158 647 207 omnm.
926 161 973 207 ιιι

173 245 201 303 ἐς
222 238 276 316 τήν
299 240 409 298 ἑωυτοῦ·
440 236 473 298 τό
498 238 623 300 ἐνθεῦτεν
646 236 676 296 δὲ
701 237 767 314 περὶ
793 239 843 313 τῆς
870 236 974 298 ἐκείνου

171 327 318 387 ποιέεσθαι
331 325 384 404 ἤδη
396 326 445 387 τόν
458 326 552 407 ἀγῶνα
562 327 681 385 ἐκέλευε.
709 324 812 401 ταίντης
824 326 854 386 δὲ
864 326 974 405 εἴχοντο

170 420 221 492 τῆς
232 415 344 497 γνώμης
357 416 403 474 καὶ
422 415 659 490 Πελοποννησίων
671 417 727 474 τῶν
740 413 836 473 ἀλλων
849 417 876 474 οί
889 441 973 492 στρα-

170 505 261 585 τηγοί.
292 503 342 566 Ὡς
355 503 384 562 δὲ
399 505 482 580 ἔμαθε
496 501 540 562 ότι
554 502 586 562 οὗ
598 503 691 562 πείσει
703 501 768 564 τούς
779 528 813 582 γε
826 502 953 566 πολλοῦς
963 505 1019 564 109

170 591 275 652 πλώειν
289 597 316 655 ἔς
328 590 380 651 τόν
392 591 608 665 Ἑλλήσποντον
623 589 640 651 ό
657 590 877 667 Θεμιστοκλέης,
890 615 973 666 μετα·

170 679 271 754 βαλών
293 679 365 756 πρός
384 678 449 742 τοῦς
468 676 750 754 Ἀθηναίους-οὗτοι
769 677 824 758 γάρ
845 677 973 754 μάλιστα

171 766 381 847 ἐκπεφευγότων
399 767 605 842 περιημέκτεον,
619 765 741 844 ὁρμέατό
758 791 789 826 τε
803 771 831 829 ές
847 765 896 826 τόν
908 765 973 826 Ἑλ-

169 854 333 929 λήσποντον
346 853 450 913 πλώειν
464 855 510 912 καὶ
523 855 569 914 ε’πὶ
580 856 677 930 σφέων
687 854 777 914 αὐτῶν
786 853 972 932 βαλλόμενοι,

170 945 194 1000 εἰ
208 937 297 1001 ὧλλοι
309 941 350 1018 μή
363 943 640 1023 βουλοίατο-ἔλεγέ
652 949 708 1018 σφι
718 942 793 1002 τάδε·
808 953 826 977 “
835 943 881 1002 καὶ
891 942 974 1006 αὐτάς

169 1028 223 1105 ἤδη
236 1034 374 1090 πολλοῖσι
387 1030 588 1111 παρεγενόμην,
603 1032 649 1089 καὶ
662 1035 762 1108 πολλῷ
775 1033 852 1090 πλέω
866 1030 973 1106 ἀκήκοα

169 1116 263 1176 τοιάδε
278 1119 419 1232 γενέσθαι·
440 1117 541 1195 ἀνδρας
555 1123 582 1182 ές
596 1118 748 1199 ἀναγκαίην
764 1118 972 1194 ἀπειληθέντας,

170 1206 360 1316 νενικημένους
377 1205 577 1314 ἀναμάχεσθαί
590 1231 621 1266 τε
638 1233 683 1264 και
673 1205 956 1282 ἀναλαμβάνειν
921 1232 973 1282 την

169 1295 306 1371 προτέρην
317 1293 464 1403 κακότητα·
478 1293 558 1402 ημεῖς
571 1294 608 1364 δὲ,
623 1293 790 1374 (εὕρημα
754 1320 808 1375 γαρ
820 1292 973 1400 εόρήκαμεν

169 1379 257 1456 ήμέας
275 1407 306 1442 τε
328 1381 427 1446 αὐτους
450 1382 495 1440 καὶ
516 1381 567 1456 τήν
587 1381 722 1452 Ἑλλάδα,
746 1382 832 1458 νέφος
851 1386 972 1441 τοσοῦτο

170 1468 320 1547 ἀνθρώπων
342 1469 537 1550 ἀνωσάμενοι,)
558 1497 598 1547 μη
590 1469 762 1546 διώκωμεν
784 1469 883 1548 ἄνδρας
906 1470 971 1545 φεύ-

173 1579 278 1637 γοντας·
305 1558 371 1619 τάδε
391 1558 445 1640 γάρ
468 1558 517 1618 οὐκ
537 1559 617 1635 ἡμεῖς
638 1558 878 1640 κατεργασάμεθα,
895 1557 972 1618 ἀλλά

170 1645 231 1705 θεοί
247 1673 279 1706 τε
299 1649 345 1706 καὶ
365 1643 458 1724 ἥρωες,
480 1647 507 1706 οἳ
527 1647 690 1724 ἐφθόνησαν
703 1647 788 1725 ἄνδρα
810 1647 857 1707 ἕνα
873 1651 924 1724 τῆς
941 1673 972 1707 τε

169 1731 267 1810 Ἀσίης
284 1737 329 1794 καὶ
345 1735 397 1812 τῆς
411 1735 547 1813 Εὐρώπης
564 1738 747 1812 βασιλεῦσαι,
763 1736 844 1797 ἐόντα
858 1735 973 1796 ἀνόσιόν

643 1826 649 1847 λ
702 1826 709 1847 λ
752 1825 759 1848 λ

169 1847 200 1880 τε
214 1825 260 1882 καὶ
273 1823 447 1884 ἀτάσθαλον·
469 1824 500 1887 ὃς
512 1825 549 1884 τά
561 1851 592 1883 τε
606 1829 651 1902 ἶρα
666 1851 711 1884 και
724 1853 759 1884 τα
774 1826 830 1884 ἴδια
844 1831 873 1884 ἐν
886 1824 972 1903 ὁμοίῳ

170 1912 301 1982 ε’ποιέετο,
316 1909 454 1988 ἐμπιπράς
472 1937 502 1971 τε
521 1915 567 1970 καὶ
581 1913 772 1988 καταβάλλων
785 1917 840 1972 τών
855 1915 924 1972 θεῶν
937 1912 972 1971 τά

169 1995 330 2078 ἀγάλματα·
357 1998 387 2060 ὃς
408 1999 454 2057 καὶ
479 1997 532 2074 τήν
566 1999 719 2058 θάλασσαν
752 1999 971 2079 ἀπεμαστίγωσε

170 2083 254 2148 πέδας
273 2111 305 2145 τε
326 2089 434 2160 κατῆκε.
478 2085 543 2144 ἀλλ’
565 2085 593 2143 εὗ
613 2085 669 2166 γάρ
691 2087 748 2163 ἔχει
769 2091 796 2148 ές
816 2086 849 2144 τό
868 2086 972 2162 παρεόν

170 2170 245 2245 ἡμῖν,
260 2176 309 2232 νῦν
321 2176 373 2248 μὲν
388 2177 416 2232 έν
429 2171 594 2250 τῇἙλλάδι
608 2173 823 2248 καταμείναντας
836 2173 927 2249 ήμέων
940 2200 970 2232 τε
1034 2235 1035 2238 ,

170 2256 259 2317 αὐτῶν
273 2259 474 2335 ἐπιμεληθῆναι
488 2260 534 2318 καὶ
547 2265 602 2320 τῶν
615 2261 749 2319 οἰκετέων·
772 2262 819 2318 καί
829 2287 871 2323 τις
885 2262 972 2336 οἰκίην

169 2371 201 2404 τε
222 2344 436 2407 ἀναπλασάσθω
458 2348 504 2406 καὶ
526 2347 635 2425 σπόρου
658 2347 764 2411 ἀνακῶς
790 2349 883 2428 ἐχέτω,
905 2375 971 2409 παν-

170 2435 271 2498 τελέως
291 2434 436 2500 ἀπελάσας
455 2436 505 2497 τδν
530 2436 691 2514 βάρβαρον·
723 2435 782 2514 ἅμα
804 2438 833 2496 δὲ
853 2441 892 2518 τῷ
913 2440 972 2516 ἔαρι

170 2524 370 2602 καταπλέωμεν
383 2526 428 2584 ἐπὶ
441 2524 658 2602 Ἑλλησπόντου
672 2527 718 2585 καὶ
727 2525 855 2602 Ἰωνίης.”
884 2531 972 2587 ταῦτα

170 2612 249 2694 ἔλεγε
267 2610 412 2690 ἀποθήκην
430 2615 543 2692 μέλλων
556 2613 728 2690 ποιήσεσθαι
743 2621 770 2678 ἐς
782 2616 832 2676 τόν
846 2616 970 2694 Πέρσεα·

170 2700 222 2772 ἶνα,
247 2699 281 2778 ἢν
304 2700 359 2780 άρα
376 2701 406 2763 τί
424 2729 473 2780 μιν
497 2701 703 2781 καταλαμβάνῃ
730 2703 799 2781 πρός
818 2704 972 2780 Ἀθηναίων

169 2787 266 2862 πάθος,
282 2791 332 2869 ἔχῃ
345 2789 544 2869 ἀποστροφήν·
565 2790 654 2868 τάπερ
667 2790 703 2851 ὧν
718 2793 763 2850 καὶ
778 2793 892 2872 ἐγένετο.

210 2881 419 2955 Θεμιστοκλέης
431 2883 483 2956 μὲν
495 2883 583 2940 ταῦτα
597 2880 687 2960 λέγων
700 2879 846 2956 διέβαλλε·
867 2879 949 2954 Ἀθη·
961 2883 1018 2939 110

169 2967 242 3023 ναῖοι
259 2965 289 3024 δὲ
308 2968 460 3027 ἐπείθοντο·
482 2967 575 3042 ἐπειδὴ
588 2966 652 3046 γάρ,
669 2967 863 3044 καὶπρότερον
877 2967 970 3047 δεδογ-

167 3051 252 3128 μένος
265 3053 334 3112 εἶναι
347 3055 448 3130 σοφός,
463 3055 553 3131 ἐφάνη
573 3055 624 3113 ε’ών
636 3054 761 3130 ἀληθέως
775 3053 868 3130 σοφός
880 3080 912 3113 τε
926 3056 972 3114 καὶ

168 3137 315 3216 εὔβουλος,
338 3143 446 3206 πάντως
464 3146 570 3220 ἑτοῖμοι
589 3141 666 3217 ἦσαν
684 3143 803 3222 λέγοντι
813 3141 971 3202 πείθεσθαι.

169 3227 204 3292 οἷς
230 3229 259 3288 δὲ
287 3229 365 3290 οὗτοί
385 3233 412 3290 οἱ
436 3229 641 3311 ἀνεγνωσμένοι
665 3229 747 3306 ἦσαν,
776 3229 873 3289 αὐτίκα
900 3231 971 3306 μετά

169 3321 255 3378 ταῦτα
281 3318 298 3378 ό
324 3320 535 3397 Θεμιστοκλέης
561 3317 662 3394 ἄνδρας
683 3317 830 3394 ἀπέπεμπε
857 3319 972 3398 ἔχοντας
