2278 3538
177 134 223 180 ιιι
479 128 662 178 Ἠνοοοτον
882 123 975 194 Ι,[,νικ

175 212 225 268 τοῦ
254 206 362 284 Ξέρξεω
391 206 599 284 στρατεύματος
625 203 751 282 α’ριθμάς·
785 206 921 282 γυναικῶν
947 203 978 263 δὲ

175 295 348 365 σιτοποιέων,
373 294 419 354 καὶ
445 294 620 362 παλλακέων,
646 294 691 352 καὶ
719 289 865 370 εὐνούχων,
889 289 978 356 οὐδεὶς

167 381 210 443 ’ἂν
224 383 296 442 ε’ίποι
309 380 425 460 άτρεκέα
443 382 569 460 άριθμάν·
592 380 647 440 οὐδ’
665 379 699 438 αὐ
716 379 869 460 ὐποζυγίων
885 404 915 438 τε
931 380 977 438 καὶ

175 476 230 532 τῶν
257 469 352 530 άλλων
379 471 497 547 κτηνέων
522 474 577 530 τῶν
603 467 781 548 ἀχθοφόρων·
817 467 863 526 καὶ
890 471 978 528 κυνῶν

175 557 295 619 Ἰνδικῶν
308 562 363 618 τῶν
377 559 523 634 ἑπομένων,
539 556 594 618 οὐδ’
609 554 644 616 ἂν
660 555 765 616 τούτων
781 553 836 614 ὐπδ
854 554 979 630 πλήθεος

177 645 264 710 οὐδεὶς
290 645 323 707 ἂν
350 647 423 707 εἰποι
451 643 579 722 άριθμόν.
621 643 694 704 ὥστε
722 643 800 704 οὐδέν
826 667 875 718 μοι
897 643 979 720 θῶμα

177 735 346 812 παρίσταται
361 733 513 810 προδοῦναι
529 731 565 791 τά
581 733 681 810 ῥέεθρα
696 736 752 792 τῶν
766 735 900 807 ποταμῶν
916 732 978 792 ἐστι

176 825 239 892 τῶν,
255 820 333 880 άλλαί
354 825 467 897 μᾶλλον
483 819 551 884 ὅκως
565 821 609 880 τά,
619 820 697 880 σιτία
715 819 878 897 ἀντέχρησε,
898 819 979 895 θῶμά

176 935 233 988 μοι,
255 907 372 986 μυριάσι
391 907 557 988 τοσαύτησι·
587 907 705 985 εὐρίσκω
725 906 780 987 γάρ
808 906 977 982 συμβαλλό-

175 1022 266 1076 μενος,
282 1000 305 1056 εἰ
324 997 434 1075 χοίνικα
453 1000 547 1072 πυρῶν
568 996 685 1060 ἕκαστος
704 999 755 1070 τῆς
770 993 875 1072 ἡμέρης
891 993 977 1072 ἐλάμ-

175 1079 248 1162 βανε
269 1085 315 1144 καὶ
337 1084 423 1162 μηδὲν
446 1085 543 1154 πλέον,
566 1084 660 1144 ἕνδεκα
683 1082 818 1160 μυριάδας
839 1082 978 1160 μεδίμνων

175 1174 340 1250 τελεομένας
355 1170 397 1231 ἐπ’
413 1171 503 1250 ἡμέρη
522 1171 635 1252 ἑκάστη,
649 1172 695 1230 καὶ
710 1169 788 1249 πρός,
802 1171 978 1254 τριηκοσίους

101 1300 103 1305 ,
175 1286 207 1321 τε
227 1259 333 1324 ἅλλους
348 1260 495 1338 μεδίμνους
514 1262 560 1320 καὶ
579 1258 795 1338 τεσσεράκοντα·
819 1259 927 1339 γυναιξὶ
947 1259 977 1319 δέ

177 1349 222 1428 καί
245 1347 402 1427 εὐνούχοισι
423 1349 469 1408 καὶ
490 1347 665 1428 ὑποζυγίοισι
686 1347 732 1406 καὶ
753 1346 827 1416 κυσὶ,
845 1345 876 1406 οὐ
898 1347 976 1428 λογί-

176 1438 267 1514 ζομαι.
309 1436 414 1514 ἀνδρῶν
440 1435 463 1496 δ’
492 1437 611 1496 ἐουσέων
636 1435 791 1496 τοσουτέων
815 1435 975 1512 μυριαδέων,

177 1523 297 1588 κάλλεός
329 1516 360 1583 τε
390 1525 480 1584 εἵνεκα
515 1523 561 1582 καὶ
596 1523 733 1604 μεγάθεος
766 1521 854 1586 οὐδεὶς
887 1521 976 1584 αὐτῶν

176 1611 377 1688 ἀξιονικότερος
405 1610 440 1687 ἦν
468 1609 554 1670 αὐτοῦ
587 1611 694 1688 Ξέρξεω
727 1613 801 1690 ἔχειν
830 1615 928 1671 τοῦτο.
942 1610 976 1673 τά

177 1697 288 1776 κράτος.

131 1775 188 1847 Ι188
216 1785 251 1845 ‘0
266 1787 295 1846 δὲ
308 1786 342 1862 δή
356 1783 483 1849 ναυτικάς
496 1787 617 1864 στρατὸς
631 1785 693 1844 ἐπεί
703 1811 734 1846 τε
744 1784 875 1864 ὁρμηθεὶς
886 1786 975 1862 ἔπλεε,

170 1874 174 1882 ι

177 1875 223 1934 καὶ
239 1874 360 1954 κατέσχε
376 1877 426 1950 τῆς
442 1874 611 1955 Μαγνησίης
626 1873 719 1953 χώρης
735 1877 762 1936 ἐς
779 1871 830 1934 τάν
846 1873 976 1954 αἰγιαλόν

176 1961 226 2023 τάν
242 1963 346 2041 μεταξύ
364 1963 547 2039 Κασθαναίης
563 1989 596 2022 τε
612 1962 712 2040 πόλιος
727 1961 809 2022 ἐόντα
825 1961 872 2026 καὶ
889 1962 974 2038 Σηπι·

176 2049 242 2116 άδος
255 2051 347 2128 άκτῆς,
362 2053 391 2110 αἱ
404 2050 502 2127 μὲνδὴ
516 2053 622 2128 πρῶται
636 2053 691 2110 τῶν
704 2053 772 2110 νεῶν
785 2049 891 2126 ὥρμεον
905 2051 975 2128 πρὸς

175 2143 222 2222 γῇ,
237 2139 325 2200 άλλαι
338 2139 360 2199 δ’
374 2138 415 2198 ἐπ’
430 2139 551 2218 ἐκείνησι
570 2136 612 2196 ἐπ’
625 2136 774 2218 ἀγκυρέων·
795 2135 844 2196 άτε
856 2137 971 2218 γάρτοΐ.

137 2299 138 2304 ¹
177 2231 307 2308 αἰγιαλοῦ
327 2226 419 2290 ἐόντος
439 2225 472 2285 οὐ
491 2223 624 2306 μεγάλου,
643 2224 822 2302 πρόκροσσαι
842 2224 976 2302 ὁρμέοντο

139 2315 142 2320 ’
177 2319 204 2379 ἐς
217 2315 326 2388 πόντον,
339 2315 385 2373 καὶ
399 2315 444 2374 ἐπὶ
457 2311 529 2373 άκτιδ
542 2313 614 2396 νέας·
634 2311 737 2390 ταύτην
749 2316 801 2390 μὲν
810 2311 862 2388 την
876 2313 975 2391 εὐφρό-

176 2429 226 2479 νην
239 2402 318 2462 οὐτω·
339 2399 398 2479 άμα
411 2401 441 2460 δὲ
459 2399 558 2480 ὄρθρῳ,
573 2401 604 2472 ἐξ
619 2401 726 2478 αἰθρίης
738 2427 769 2461 τε
788 2401 834 2478 καὶ
847 2401 976 2479 νηνεμίης

177 2495 227 2566 τῆς
253 2487 560 2565 θαλάσσηςζεσάσης,
587 2489 707 2548 ἐπέπεσέ
733 2494 789 2565 σφι
815 2487 919 2568 χειμάν
944 2515 976 2550 τε

175 2577 264 2659 μέγας
273 2577 319 2636 καὶ
332 2575 441 2640 πολλδς
454 2575 554 2654 άνεμος
568 2575 736 2652 άπηλιιίτης,
746 2577 796 2637 τὸν
807 2576 841 2653 δὴ
850 2575 975 2654 Ἑλλησ-

176 2665 292 2740 ποντίην
305 2664 439 2724 καλέουσι
452 2667 479 2723 οἱ
491 2664 556 2742 περὶ
568 2669 656 2724 ταῦτα
670 2664 706 2722 τά
723 2665 812 2744 χωρία
825 2665 975 2740 οἰκημένοι,

178 2751 243 2813 ὅσοι
263 2752 315 2828 μέν
336 2776 384 2812 νυν
404 2749 493 2812 αὐτῶν
514 2751 664 2830 αὐξόμενον
685 2753 788 2828 ἔμαθον
803 2752 853 2814 τάν
873 2751 976 2830 άνεμον

177 2840 223 2900 καὶ
235 2843 312 2899 τοῖσι
322 2838 391 2900 οὕτω
402 2840 460 2919 εἶχε
471 2839 566 2916 ὅρμου,
578 2843 605 2898 οἱ
618 2838 641 2900 δ’
652 2840 780 2916 ἔφθησαν
789 2840 840 2900 τάν
852 2845 976 2920 χειμῶνα

177 2926 391 2990 άνασπάσαντες
406 2925 456 2989 τάς
473 2929 543 2996 νέας,
561 2927 607 2986 καὶ
629 2925 710 2986 αὐτοί
722 2952 753 2986 τε
771 2932 910 3005 περιῆσαν
929 2930 976 2990 καὶ

176 3019 206 3076 αἱ
223 3017 280 3079 νέες
300 3013 398 3074 αὐτῶν·
419 3013 488 3076 ὅσας
509 3015 538 3072 δὲ
557 3017 612 3073 τῶν
627 3017 695 3074 νεῶν
706 3015 860 3091 μεταρσίας
877 3017 974 3092 ἔλαβε,

175 3102 226 3166 τάς
241 3105 292 3179 μὲν
313 3101 426 3177 ἐξέφερε
442 3100 513 3176 πρὸς
530 3099 639 3162 Ἰπνούς
659 3101 843 3177 καλεομένους
862 3101 927 3166 τούς
946 3108 975 3164 ἐν

169 3191 285 3267 Πηλίῳ,
298 3188 348 3250 τάς
361 3187 390 3245 δὲ
404 3192 431 3248 ἐς
443 3185 492 3245 τᾶν
506 3186 644 3267 αἰγιαλόν·
665 3190 695 3246 αἱ
708 3187 738 3246 δὲ
747 3188 811 3265 περὶ
824 3187 911 3264 αὐτὴν
922 3187 975 3265 τὴν

178 3276 305 3350 Σηπιάδα
321 3273 510 3354 περιέπιπτον,
529 3275 558 3332 αἱ
574 3272 603 3332 δὲ
617 3277 644 3336 ἐς
660 3274 822 3351 Μελίβοιαν
835 3273 930 3345 πόλιν,
944 3279 976 3336 αἱ,
