2262 3534
149 138 198 186 282
465 136 646 187 ἨΡΟΔΟΤΟΤ
884 135 947 200 [IX.

149 215 207 292 ἅμα
219 215 249 274 δὲ
261 218 399 291 πυρσοῖσι
413 213 458 274 διά
472 213 564 289 νήσων
575 214 665 272 ἐδόκεε
677 213 799 290 βασιλεῖ’
811 213 949 290 δηλώσειν

150 303 222 362 ἐόντι
243 308 271 361 έν
293 303 418 377 Σάρδισι,
439 301 482 360 ὅτι
503 303 562 380 ἔχοι
582 300 710 376 Ἀθήνας.
753 301 783 364 ὃς
804 300 865 360 οὐδὲ
885 303 948 362 τότε

149 389 314 466 ἀπικόμενος
342 395 369 453 ές
388 389 440 464 τήν
459 388 588 464 Ἀττικήν
611 386 670 464 εὗρε
693 389 757 452 τοῦς
776 387 947 464 Ἀθηναίους,

149 477 214 536 ἀλλ’
237 479 264 537 ἔν
291 504 322 538 τε
349 479 488 554 Σαλαμῖνι
514 476 579 538 τούς
605 477 756 539 πλείστους
783 477 948 536 ἐπυνθάνετο

151 565 227 634 εἶναι,
246 567 274 625 ἔν
291 592 322 624 τε
339 569 407 644 τῇσι
427 566 518 640 νηυσί·
539 565 623 640 αἱρέει
643 591 674 623 τε
695 568 798 640 ε’ρῆμον
815 563 848 623 τό
866 563 948 624 ἀστυ.

149 653 168 730 ἡ
183 654 211 713 δὲ
224 655 364 730 βασιλέος
377 653 483 729 αἵρεσις
497 658 524 715 ἔς
540 652 591 727 τὴν
605 652 754 728 ὑστεραίην
771 651 822 727 τήν
836 651 948 728 Μαρδο-

150 743 209 802 νίου
223 737 421 818 ἐπιστρατηίην
435 739 587 816 δεκάμηνος
601 742 718 820 ἐγένετο.

122 832 142 890 4
190 828 269 887 Ἐπεὶ
283 830 312 887 δὲ
326 834 354 887 έν
367 827 504 906 Ἀθήνῃσι
519 829 627 908 ἐγένετο
639 828 654 886 ὁ
665 827 830 904 Μαρδόνιος,
845 829 948 904 πέμπει

151 922 178 978 ές
208 919 354 992 Σαλαμῖνα
385 916 566 994 Μουρυχίδην
600 914 685 992 ἄνδρα
715 915 946 991 Ἑλλησπόντιον,

151 1003 272 1081 φέροντο
285 1003 349 1066 τούς
362 1003 460 1065 αὐτοῦς
478 1003 580 1083 λόγους
598 1003 662 1065 τούς
679 1003 724 1061 καὶ
737 1001 918 1078 Ἀλέξανδρος
931 1001 947 1060 ὁ

151 1091 286 1150 Μακεδῶν
312 1095 388 1150 τοῖσι
410 1090 586 1166 Ἀθηναίοισι
610 1089 820 1167 διεπόρθμευσε.
860 1083 948 1149 ταῦτα

151 1180 180 1239 δὲ
197 1180 230 1240 τὰ
252 1179 377 1257 δεύτερον
397 1178 564 1252 ἀπέστελλε,
579 1179 704 1257 προέχων
720 1181 771 1256 μὲν
791 1183 845 1238 τῶν
864 1176 948 1254 Ἀθη-

152 1269 234 1328 ναίων
248 1267 279 1326 οὗ
294 1268 392 1343 φιλίας
404 1265 524 1347 γνώμας,
539 1268 656 1336 ἐλπίζων
672 1267 703 1324 δέ
721 1273 812 1342 σφεας
829 1265 948 1340 ὑπήσειν

149 1360 200 1431 τῆς
216 1355 421 1438 ἀγνωμοσύνης,
436 1354 473 1417 οῖς
491 1354 660 1432 δοριαλώτου
678 1353 777 1428 ἐούσης
792 1352 885 1428 πάσης
898 1357 948 1428 τῆς

149 1443 278 1520 Ἀττικῆς
298 1443 389 1521 χώρης
409 1443 453 1502 καὶ
474 1443 574 1518 ἐούσης
594 1441 647 1517 ἤδη
666 1441 711 1500 ὑπ’
729 1445 825 1518 ἑωυτῷ·
845 1439 947 1499 τούτων

149 1534 201 1607 μὲν
233 1533 322 1591 εἵνεκα
352 1529 499 1607 ἀπέπεμψε
526 1529 706 1608 Μουρυχίδην
736 1533 763 1591 ές
790 1530 946 1604 Σαλαμῖνα.

122 1619 183 1678 5Ὁ
203 1620 239 1690 δὲ,
258 1618 423 1694 ἀπικόμενος
444 1619 489 1676 ε’πῖ
507 1617 558 1693 τήν
578 1617 697 1694 βουλήν,
721 1619 800 1696 ἔλεγε
816 1616 852 1676 τά
871 1617 947 1693 παριῖ

149 1706 318 1782 Μαρδονίου·
343 1707 398 1764 τῶν
418 1705 447 1762 δὲ
467 1707 642 1781 βουλευτέων
662 1705 781 1780 Λυκίδης
802 1703 860 1762 εἶπε
879 1703 953 1784 γνοίη

148 1819 213 1869 μην,
226 1791 260 1854 ὦς
274 1795 300 1850 οἱ
314 1790 405 1850 ε’δόκεε
418 1790 530 1868 ἄμεινον
540 1792 609 1851 εἶναι
623 1793 785 1868 δεξαμένους
798 1791 847 1852 τόν
860 1792 947 1872 λόγον

149 1880 199 1941 τόν
228 1887 284 1956 σφι
310 1881 489 1958 Μουρυχιδης
518 1881 661 1957 προφέρει,
690 1881 820 1950 ἐξενεῖκαι
847 1885 874 1942 ἐς
898 1879 948 1939 τόν

150 1969 247 2045 δῆμον·
269 1967 285 2029 ό
300 1971 351 2046 μὲν
371 1968 404 2044 δή
421 1967 523 2044 ταύτην
536 1969 587 2044 τήν
605 1967 717 2050 γνιόμην
731 1967 908 2043 ἀπεφαίνετο,
923 1967 948 2026 εί

148 2085 179 2118 τε
195 2059 228 2135 δή
246 2058 406 2138 δεδεγμένος
423 2056 554 2136 χρήματα
573 2056 648 2132 παρά
662 2056 822 2132 Μαρδονίου
837 2057 861 2114 εἴ
877 2081 908 2114 τε
921 2058 948 2113 οἱ

150 2149 195 2205 καὶ
207 2151 295 2206 ταῦτα
309 2145 427 2205 ἑάνδανε·
449 2144 592 2221 Ἀθηναῖοι
610 2145 638 2202 δὲ
657 2142 755 2202 αὐτίκα
768 2143 856 2202 δεινόν
869 2169 948 2218 ποιη-

150 2235 274 2311 σάμενοι,
301 2235 330 2292 οἵ
350 2259 381 2292 τε
405 2237 435 2290 ἐκ
458 2237 508 2308 τῆς
530 2235 640 2307 βουλῆς
663 2232 708 2290 καὶ
732 2235 758 2289 οἱ
782 2231 887 2300 ἔξωθεν,
914 2230 948 2292 ὥς

149 2323 292 2391 ἐπίθοντο,
307 2321 486 2397 περιστάντες
499 2321 621 2380 Λυκίδεα
639 2320 809 2378 κατέλευσαν
822 2318 947 2394 βάλλον-

121 2429 127 2442 ·
148 2437 200 2479 τες,
219 2409 268 2468 τόν
290 2409 320 2466 δέ
338 2409 564 2484 Ἑλλησπόντιον
583 2407 761 2486 Μουρυχίδεα
780 2406 948 2482 ἀπέπεμψαν

149 2497 255 2556 ἀσινέα·
276 2496 425 2574 γενομένου
441 2496 470 2553 δὲ
487 2495 611 2572 θορύβου
626 2501 654 2554 έν
671 2499 707 2572 τῇ
727 2496 866 2569 Σαλαμῖνι
885 2495 948 2568 περὶ

148 2582 196 2643 τόν
216 2583 344 2650 Λυκίδεα,
360 2581 545 2642 πυνθάνονται
563 2582 595 2641 τό
613 2582 758 2664 γινόμενον
777 2585 805 2640 αἱ
822 2586 948 2660 γυναῖκες

148 2675 203 2729 τῶν
215 2669 377 2744 Ἀθηναίων·
399 2669 634 2747 διακελευσαμένη
647 2671 677 2730 δὲ
689 2669 759 2752 γυνή
771 2670 888 2751 γυναικὶ,
903 2669 948 2726 καὶ

148 2759 366 2835 παραλαβοῦσα,
386 2758 430 2816 ἐπὶ
448 2757 500 2833 τήν
516 2760 638 2817 Λυκίδεω
658 2759 746 2834 οἰκίην
764 2757 849 2833 ήϊσαν
869 2756 947 2814 αὐτο-

149 2847 249 2915 κελέες,
274 2847 319 2903 καὶ
344 2845 413 2905 κατά
437 2849 488 2924 μὲν
512 2848 630 2906 ἔλευσαν
652 2845 736 2905 αὐτοῦ
757 2845 808 2920 τήν
831 2847 947 2924 γυναῖκα

149 2934 219 2994 κατεῖ
251 2934 310 2994 ὲτοῖ
324 2935 414 2994 τέκνα.

121 3024 139 3082 6
189 3022 235 3085 Ἐς
249 3022 341 3096 δὲτὴν
362 3024 508 3100 Σαλαμῖνα
527 3023 664 3098 διέβησαν
684 3025 710 3080 οἱ
723 3021 867 3097 Ἀθηναῖοι
885 3018 946 3080 ὧδε·

148 3109 196 3172 ἕως
222 3112 273 3185 μέν
294 3111 496 3185 προσεδέκοντο
520 3108 569 3168 τόν
597 3113 626 3166 ἐκ
653 3113 702 3183 τῆς
725 3107 947 3182 Πελοποννήσου

148 3197 270 3270 στρατόν
283 3196 358 3270 ἥξειν
375 3195 569 3272 τιμωρήσοντά
587 3202 650 3270 σφι,
666 3198 693 3253 οἶ
709 3196 738 3253 δὲ
756 3196 852 3271 έμενον
869 3197 945 3270 ε’ντῇ
969 3243 971 3247 ,

147 3279 270 3359 Ἀττικῇ·
284 3284 343 3342 ἐπεὶ
357 3283 386 3341 δὲ
399 3287 425 3340 οἱ
438 3285 489 3358 μὲν
498 3281 657 3359 μακρότεραί
668 3307 699 3342 τε
713 3282 759 3341 καὶ
772 3279 945 3361 σχολαίτερα
