2278 3538
170 187 217 233 τοι
477 178 661 232 Ἧνοιυνου
832 169 835 176 ’
890 171 968 245 [Vni

166 264 333 338 Λαφυστίου
344 262 421 327 Διός·
443 263 478 326 αἷς
487 263 613 340 Ἀθάμας
623 264 638 324 ό
649 263 756 324 Αἰόλου
767 261 968 358 ἐμηχρνήσατο

166 351 256 430 Φρίξῳ
281 351 377 428 μόρον,
400 351 453 411 σύν
473 351 541 412 Ἰνοῖ
559 351 731 428 βουλεύσας·
759 352 906 428 μετέπειτα
928 351 966 426 δέ,

167 439 201 502 ὦς
222 445 252 499 ἐκ
273 439 441 518 θεοπροπίου
457 440 568 520 Ἀχαιοὶ
587 442 746 517 προτιθεῖσι
766 443 842 498 τοῖσι
864 440 968 500 ἐκείνου

167 527 333 610 ἀπογόνοισι
353 527 472 591 α’έθλους
491 528 629 589 τοιούσδε·
657 527 687 591 ὃς
707 526 741 586 ἂν
761 525 780 606 ᾗ
798 531 849 586 τοῦ
874 528 969 608 γένεος

166 617 265 678 τούτου
292 615 496 694 πρεσβύτατος,
520 616 608 695 τούτῳ
636 616 813 685 ἐπιτάξαντες
836 617 969 696 ἔργεσθαι

166 710 215 765 τοῦ
236 705 411 782 πρυτανηίου,
435 703 513 763 αύτοί
531 703 660 780 φυλακάς
681 705 787 782 έχουσι·
809 703 918 780 (λη’ἳτον
939 703 969 762 δέ

169 795 303 853 καλέουσι
319 791 352 851 τό
371 791 540 868 πρυτανήίον
556 796 582 851 οἰ
595 793 728 871 Ἀχαιοί)
749 790 784 867 ἢν
804 792 833 850 δὲ
854 793 966 870 ἐσέλθῃ,

169 880 219 940 ούκ
234 882 294 939 ἐστι
308 879 376 942 ὅκως
391 880 476 949 ἔξεισι
492 882 558 957 πρὶν
570 878 589 953 ἢ
602 879 741 940 θύσεσθαι
754 881 857 958 μέλλῃ·
886 879 921 943 ὥς
938 907 969 940 τε

168 970 208 1029 έπι
221 968 292 1046 πρός
307 968 441 1037 τούτοισι,
455 969 562 1028 πολλοὶ
581 967 634 1044 ἤδη
654 973 709 1027 τῶν
727 966 890 1045 μελλόντων
906 968 969 1027 τού-

166 1083 220 1117 των
247 1057 392 1130 θύσεσθαι,
423 1055 571 1128 δείσαντες,
600 1059 711 1136 οἴχοντο
744 1055 912 1132 ἀποδράντες
942 1061 970 1120 ἐς

122 1151 127 1190 ἶ
169 1144 261 1222 άλλην
282 1146 384 1224 χώρην·
411 1145 513 1224 χρόνου
538 1145 567 1203 δέ
588 1145 734 1221 προϊόντος
758 1143 850 1203 ὀπίσω
871 1148 969 1203 κατελ-

169 1234 270 1306 θόντες,
285 1233 319 1311 ἢν
337 1233 509 1293 ἁλίσκωνται
526 1232 691 1295 ἐσελθόντες
705 1238 732 1295 ἐς
745 1231 778 1291 τό
792 1232 969 1309 πρυτανήῖον,

168 1322 204 1385 ὦς
224 1322 321 1383 θύεταί
338 1349 376 1391 τε,
400 1323 554 1402 ἐξηγέοντο,
576 1322 721 1397 στέμμασι
741 1325 797 1382 πᾶς
817 1319 971 1384 πυκασθεὶς

169 1411 215 1469 καὶ
235 1411 270 1474 ὥς
287 1411 340 1471 σύν
359 1414 459 1487 πομπῇ
478 1411 613 1488 ἐξαχθείς·
634 1413 721 1468 ταῦτα
735 1409 765 1467 δέ
781 1408 928 1486 πάσχουσι
944 1412 970 1468 οἰ

169 1498 355 1575 Κυτισσώρου
382 1502 433 1556 τοῦ
468 1498 571 1573 Φρίξου
598 1497 696 1559 παιδός
729 1495 873 1576 ἀπόγονοι,
901 1496 969 1556 διότι

169 1587 312 1661 καθαρμόν
334 1591 384 1661 τῆς
404 1584 497 1664 χιύρης
520 1587 689 1661 ποιευμένων
715 1584 836 1664 Ἀχαιῶν
859 1590 888 1643 ἐκ
911 1585 969 1644 θεο·

168 1675 288 1750 προπίου
302 1673 465 1749 Ἀθάμαντα
484 1671 533 1732 τόν
547 1673 660 1747 Αἰόλου,
679 1673 724 1730 καὶ
744 1673 905 1748 μελλόντων
922 1699 971 1748 μιν

170 1761 251 1830 θύειν,
266 1760 431 1836 ἀπικόμενος
448 1758 528 1822 οὗτος
547 1761 562 1820 ὁ
583 1761 767 1838 Κυτίσσωρος
788 1761 818 1830 ἐξ
833 1761 903 1837 Αἴης
921 1766 972 1836 τῆς

170 1850 314 1927 Κολχίδος
334 1846 480 1925 ἐρρύσατο·
512 1849 634 1924 ποιήσας
655 1849 684 1907 δέ
704 1853 793 1922 τοῦτο,
817 1852 893 1908 τοῖσι
914 1853 970 1908 ἐπι-

170 1939 347 2019 γενομένοισι
375 1934 415 2005 ἐξ
432 1941 531 1996 ἑωυτοῦ
559 1942 642 2014 μῆνιν
672 1941 721 1996 τοῦ
751 1937 816 1997 θεοῦ
843 1938 970 2012 ἐνέβαλε.
1002 1929 1005 1936 ’

126 2059 129 2080 2
170 2027 276 2103 Ξέρξης
308 2026 338 2085 δέ
368 2031 456 2086 ταῦτα
487 2026 618 2096 α’κούσας,
652 2026 686 2089 ὦς
718 2025 788 2085 κατά
817 2025 850 2085 τό
882 2025 973 2089 άλσος

171 2117 286 2195 ἐγένετο,
303 2114 385 2178 αύτός
398 2141 428 2174 τε
443 2117 538 2195 ἐργετο
551 2114 636 2174 αὐτοῦ
650 2115 696 2172 καὶ
709 2141 744 2192 τῃ
758 2117 877 2192 στρατιῇ
891 2112 972 2192 πάσῃ

171 2203 351 2284 παρήγγειλε·
368 2208 422 2263 τῶν
432 2229 462 2262 τε
472 2203 647 2278 Ἀθάμαντος
657 2202 803 2283 α’πογόνων
815 2201 867 2276 τήν
881 2202 971 2276 οἰκίην

172 2291 271 2368 ὁμοίως
285 2293 330 2350 καὶ
343 2292 376 2350 τό
389 2292 502 2368 τέμενος
516 2292 565 2350 ἐσέ
589 2317 644 2350 ετο.

126 2381 183 2440 198
233 2384 325 2437 Ταῦτα
346 2381 397 2455 μὲν
418 2379 454 2437 τά
470 2385 498 2438 ἐν
520 2381 668 2456 Θεσσαλίῃ
687 2379 732 2436 καὶ
748 2379 782 2436 τά
800 2383 827 2437 ἐν
844 2377 966 2460 Ἀχαιίῃ·

172 2467 228 2526 άπά
247 2467 276 2525 δέ
294 2467 398 2526 τούτων
415 2471 470 2526 τῶν
487 2466 584 2545 χώρων
596 2466 640 2542 ἤϊε
654 2472 680 2528 ἐς
693 2467 744 2542 τὴν
763 2467 880 2541 Μηλίδα
893 2466 971 2542 παρά

172 2556 278 2614 κόλπον
297 2554 454 2629 θαλάσσης,
475 2560 503 2613 ἐν
520 2558 558 2632 τῷ
576 2553 700 2630 ἄμπωτίς
713 2580 743 2613 τε
757 2555 803 2612 καὶ
816 2555 900 2632 ῥηχίη
919 2553 972 2612 ἀνά

172 2645 268 2702 πᾶσαν
287 2641 394 2718 ἡμέρην
409 2643 523 2722 γίνεται·
551 2643 615 2718 περὶ
650 2642 729 2701 ἐτδν
748 2642 855 2702 κόλπον
874 2641 964 2700 τοῦτό.

173 2735 234 2789 ἐστι
252 2735 342 2809 χῶρος
360 2730 476 2800 πεδινός,
495 2735 530 2809 τῇ
548 2734 599 2807 μὲν
618 2730 754 2810 εύρύς,τῇ
771 2731 800 2789 δέ
819 2730 865 2788 καὶ
883 2729 970 2803 κάρτα

173 2818 290 2881 στεινός·
312 2819 375 2895 περὶ
392 2819 421 2877 δὲ
437 2818 486 2878 τόν
504 2825 594 2898 χῶρον
608 2818 690 2895 ούρεα
704 2817 801 2896 ύψηλιί
816 2819 861 2875 καὶ
875 2815 971 2891 ἄβατα

174 2908 327 2984 περικληίει
341 2911 437 2966 πᾶσαν
450 2908 502 2981 τήν
513 2908 628 2981 Μηλίδα
641 2911 702 2987 γῆν,
716 2909 860 2985 Τρηχίνιαι
874 2904 974 2980 πέτραι

175 2995 348 3073 καλεόμεναι.
382 2995 476 3071 πρώτη
489 2996 540 3070 μέν
550 3019 597 3053 νυν
611 2995 694 3057 πόλις
708 2996 769 3054 ἐστὶ
784 2997 864 3071 ἐντῷ
878 2992 974 3072 κόλπῳ

175 3082 243 3143 ἰόντι
269 3083 324 3143 οἷπό
350 3083 483 3161 Ἀχαιίης,
512 3081 667 3158 Ἀντικύρη·
700 3083 764 3159 παρ’
788 3082 823 3158 ἣν
847 3079 975 3155 ποταμός

176 3172 331 3250 Σπερχήϊος
351 3173 418 3253 ῥέων
443 3171 473 3238 ἐξ
492 3169 622 3243 Ἐνιήνων
644 3175 670 3232 ἐς
692 3171 843 3230 θάλασσαν
864 3167 974 3226 ἐκδιδοῖ·

175 3257 230 3317 άπό
252 3260 281 3317 δὲ
305 3259 412 3326 τούτου,
434 3257 478 3315 διά
500 3257 592 3314 εἴκοσί
603 3283 652 3316 κου
673 3258 800 3326 σταδίων,
819 3256 907 3316 ἄλλος
923 3275 973 3312 πο·-

175 3346 269 3420 ταμδς,
289 3349 326 3422 τῷ
345 3343 450 3419 οὕνομα
468 3347 555 3402 κεῖται
574 3343 676 3420 Δύρας,
696 3344 745 3405 τόν
762 3344 921 3420 βοηθέοντα
936 3343 977 3422 τῷ
