<?xml version="1.0" encoding="UTF-8"?>
<!DOCTYPE html PUBLIC "-//W3C//DTD XHTML 1.0 Transitional//EN"
    "http://www.w3.org/TR/xhtml1/DTD/xhtml1-transitional.dtd">
<html xmlns="http://www.w3.org/1999/xhtml" xml:lang="en" lang="en">
 <head>
  <title>
</title>
<meta http-equiv="Content-Type" content="text/html;charset=utf-8" />
  <meta name='ocr-system' content='tesseract 3.04.00' />
  <meta name='ocr-capabilities' content='ocr_page ocr_carea ocr_par ocr_line ocrx_word'/>
</head>
<body>
  <div class='ocr_page' id='page_1' title='image "./herodotusrecens02blakgoog_0125.png"; bbox 0 0 2276 3538; ppageno 0'>
   <div class='ocr_carea' id='block_1_1' title="bbox 143 125 1005 3354">
    <p class='ocr_par' dir='ltr' id='par_1_1' title="bbox 143 125 1004 1862">
     <span class='ocr_line' id='line_1_1' title="bbox 155 125 956 188; baseline 0 -12"><span class='ocrx_word' id='word_1_1' title='bbox 155 125 298 188; x_wconf 76' lang='lat'><strong>134-137]</strong></span> <span class='ocrx_word' id='word_1_2' title='bbox 499 125 613 174; x_wconf 75' lang='lat' dir='ltr'><strong>EPA&#39;ffl.</strong></span> <span class='ocrx_word' id='word_1_3' title='bbox 910 130 956 178; x_wconf 84' lang='lat'>115</span> 
     </span>
     <span class='ocr_line' id='line_1_2' title="bbox 156 203 958 288; baseline 0.007 -27"><span class='ocrx_word' id='word_1_4' title='bbox 156 203 188 260; x_wconf 82' lang='grc' dir='ltr'>οῦ</span> <span class='ocrx_word' id='word_1_5' title='bbox 208 208 318 278; x_wconf 89' lang='grc' dir='ltr'>Τιμοῦν</span> <span class='ocrx_word' id='word_1_6' title='bbox 332 203 400 263; x_wconf 85' lang='grc' dir='ltr'>εἶναι</span> <span class='ocrx_word' id='word_1_7' title='bbox 420 203 473 280; x_wconf 75' lang='grc' dir='ltr'>τήν</span> <span class='ocrx_word' id='word_1_8' title='bbox 491 207 581 279; x_wconf 80' lang='grc' dir='ltr'>αἰτίην</span> <span class='ocrx_word' id='word_1_9' title='bbox 599 205 711 277; x_wconf 79' lang='grc' dir='ltr'>τούτων,</span> <span class='ocrx_word' id='word_1_10' title='bbox 722 205 808 266; x_wconf 73' lang='grc' dir='ltr'>’άλλά</span> <span class='ocrx_word' id='word_1_11' title='bbox 827 205 883 267; x_wconf 83' lang='grc' dir='ltr'>δεῖν</span> <span class='ocrx_word' id='word_1_12' title='bbox 902 207 958 288; x_wconf 74' lang='grc' dir='ltr'>γάρ</span> 
     </span>
     <span class='ocr_line' id='line_1_3' title="bbox 157 291 958 368; baseline 0.007 -19"><span class='ocrx_word' id='word_1_13' title='bbox 157 291 315 350; x_wconf 81' lang='grc' dir='ltr'>Μιλτιάδεα</span> <span class='ocrx_word' id='word_1_14' title='bbox 334 295 466 351; x_wconf 82' lang='grc' dir='ltr'>τελευτάν</span> <span class='ocrx_word' id='word_1_15' title='bbox 487 291 527 368; x_wconf 78' lang='grc' dir='ltr'>μη</span> <span class='ocrx_word' id='word_1_16' title='bbox 550 291 588 364; x_wconf 74' lang='grc' dir='ltr'>εὖ,</span> <span class='ocrx_word' id='word_1_17' title='bbox 606 295 731 368; x_wconf 81' lang='grc' dir='ltr'>φανῆναί</span> <span class='ocrx_word' id='word_1_18' title='bbox 748 298 774 353; x_wconf 84' lang='grc' dir='ltr'>οἱ</span> <span class='ocrx_word' id='word_1_19' title='bbox 791 299 846 354; x_wconf 78' lang='grc' dir='ltr'>τῶν</span> <span class='ocrx_word' id='word_1_20' title='bbox 868 300 958 355; x_wconf 82' lang='grc' dir='ltr'>κακῶν</span> 
     </span>
     <span class='ocr_line' id='line_1_4' title="bbox 156 378 956 462; baseline 0.008 -26"><span class='ocrx_word' id='word_1_21' title='bbox 156 378 341 458; x_wconf 53' lang='grc' dir='ltr'>κατηγεμόνα*</span> <span class='ocrx_word' id='word_1_22' title='bbox 377 382 513 456; x_wconf 87' lang='grc' dir='ltr'>Παρίοισι</span> <span class='ocrx_word' id='word_1_23' title='bbox 526 385 577 457; x_wconf 74' lang='grc' dir='ltr'>μὲν</span> <span class='ocrx_word' id='word_1_24' title='bbox 592 381 625 455; x_wconf 80' lang='grc' dir='ltr'>δη</span> <span class='ocrx_word' id='word_1_25' title='bbox 639 384 726 440; x_wconf 85' lang='grc' dir='ltr'>ταῦτα</span> <span class='ocrx_word' id='word_1_26' title='bbox 739 381 758 456; x_wconf 80' lang='grc' dir='ltr'><em>ἦ</em></span> <span class='ocrx_word' id='word_1_27' title='bbox 772 383 865 458; x_wconf 82' lang='grc' dir='ltr'>Πυθίη</span> <span class='ocrx_word' id='word_1_28' title='bbox 879 385 956 462; x_wconf 76' lang='grc' dir='ltr'>ἔχρη</span> 
     </span>
     <span class='ocr_line' id='line_1_5' title="bbox 156 466 1004 546; baseline 0.005 -21"><span class='ocrx_word' id='word_1_29' title='bbox 156 491 201 525; x_wconf 93' lang='grc' dir='ltr'>σε.</span> <span class='ocrx_word' id='word_1_30' title='bbox 219 511 221 514; x_wconf 91' lang='grc'>-</span> <span class='ocrx_word' id='word_1_31' title='bbox 242 466 385 542; x_wconf 83' lang='grc' dir='ltr'>Ἀθηναῖοι</span> <span class='ocrx_word' id='word_1_32' title='bbox 399 468 428 526; x_wconf 83' lang='grc' dir='ltr'>δὲ</span> <span class='ocrx_word' id='word_1_33' title='bbox 443 473 472 526; x_wconf 89' lang='grc' dir='ltr'>ἐκ</span> <span class='ocrx_word' id='word_1_34' title='bbox 487 469 585 544; x_wconf 90' lang='grc' dir='ltr'>Πάρου</span> <span class='ocrx_word' id='word_1_35' title='bbox 602 468 761 527; x_wconf 82' lang='grc' dir='ltr'>Μιλτιάδεα</span> <span class='ocrx_word' id='word_1_36' title='bbox 781 468 936 546; x_wconf 74' lang='grc' dir='ltr'>άπονοστή-</span> <span class='ocrx_word' id='word_1_37' title='bbox 948 473 1004 529; x_wconf 88' lang='grc'>136</span> 
     </span>
     <span class='ocr_line' id='line_1_6' title="bbox 157 555 958 633; baseline 0 -19"><span class='ocrx_word' id='word_1_38' title='bbox 157 581 248 614; x_wconf 90' lang='grc' dir='ltr'>σαντα</span> <span class='ocrx_word' id='word_1_39' title='bbox 267 556 352 633; x_wconf 82' lang='grc' dir='ltr'>ἔσχον</span> <span class='ocrx_word' id='word_1_40' title='bbox 372 561 401 616; x_wconf 91' lang='grc' dir='ltr'>ἐν</span> <span class='ocrx_word' id='word_1_41' title='bbox 419 556 545 632; x_wconf 87' lang='grc' dir='ltr'>στόμασι</span> <span class='ocrx_word' id='word_1_42' title='bbox 565 557 594 616; x_wconf 80' lang='grc' dir='ltr'>οἵ</span> <span class='ocrx_word' id='word_1_43' title='bbox 609 581 639 616; x_wconf 91' lang='grc' dir='ltr'>τε</span> <span class='ocrx_word' id='word_1_44' title='bbox 660 555 746 615; x_wconf 85' lang='grc' dir='ltr'>άλλοι</span> <span class='ocrx_word' id='word_1_45' title='bbox 765 557 811 614; x_wconf 86' lang='grc' dir='ltr'>καὶ</span> <span class='ocrx_word' id='word_1_46' title='bbox 830 556 958 632; x_wconf 89' lang='grc' dir='ltr'>μάλιστα</span> 
     </span>
     <span class='ocr_line' id='line_1_7' title="bbox 157 642 957 726; baseline -0.001 -21"><span class='ocrx_word' id='word_1_47' title='bbox 157 642 319 706; x_wconf 76' lang='grc' dir='ltr'>Ξάνθιππος</span> <span class='ocrx_word' id='word_1_48' title='bbox 333 643 349 702; x_wconf 79' lang='lat'>0‘</span> <span class='ocrx_word' id='word_1_49' title='bbox 363 643 538 720; x_wconf 81' lang='grc' dir='ltr'>Ἀρίφρονος·</span> <span class='ocrx_word' id='word_1_50' title='bbox 561 643 591 707; x_wconf 77' lang='grc' dir='ltr'>ὃς</span> <span class='ocrx_word' id='word_1_51' title='bbox 606 643 725 704; x_wconf 91' lang='grc' dir='ltr'>θανάτου</span> <span class='ocrx_word' id='word_1_52' title='bbox 738 645 889 726; x_wconf 79' lang='grc' dir='ltr'>ῦπαγαγιῦν</span> <span class='ocrx_word' id='word_1_53' title='bbox 902 645 957 704; x_wconf 81' lang='grc' dir='ltr'>ῦπό</span> 
     </span>
     <span class='ocr_line' id='line_1_8' title="bbox 157 730 959 808; baseline 0.009 -19"><span class='ocrx_word' id='word_1_54' title='bbox 157 730 206 790; x_wconf 82' lang='grc' dir='ltr'>τόν</span> <span class='ocrx_word' id='word_1_55' title='bbox 226 730 314 806; x_wconf 87' lang='grc' dir='ltr'>δῆμον</span> <span class='ocrx_word' id='word_1_56' title='bbox 329 732 486 793; x_wconf 84' lang='grc' dir='ltr'>Μιλτιάδεα</span> <span class='ocrx_word' id='word_1_57' title='bbox 507 732 600 790; x_wconf 80' lang='grc' dir='ltr'>ἐδίωκε</span> <span class='ocrx_word' id='word_1_58' title='bbox 615 737 665 807; x_wconf 83' lang='grc' dir='ltr'>τῆς</span> <span class='ocrx_word' id='word_1_59' title='bbox 676 731 831 808; x_wconf 83' lang='grc' dir='ltr'>Ἀθηναίων</span> <span class='ocrx_word' id='word_1_60' title='bbox 851 732 959 808; x_wconf 82' lang='grc' dir='ltr'>άπάτης</span> 
     </span>
     <span class='ocr_line' id='line_1_9' title="bbox 158 817 958 896; baseline 0.003 -20"><span class='ocrx_word' id='word_1_61' title='bbox 158 817 267 876; x_wconf 80' lang='grc' dir='ltr'>εἵνεκεν·</span> <span class='ocrx_word' id='word_1_62' title='bbox 290 818 448 892; x_wconf 80' lang='grc' dir='ltr'>Μιλτιάδης</span> <span class='ocrx_word' id='word_1_63' title='bbox 469 819 498 877; x_wconf 78' lang='grc' dir='ltr'>δὲ</span> <span class='ocrx_word' id='word_1_64' title='bbox 521 818 602 882; x_wconf 75' lang='grc' dir='ltr'>αὐτός</span> <span class='ocrx_word' id='word_1_65' title='bbox 622 822 674 896; x_wconf 82' lang='grc' dir='ltr'>μὲν</span> <span class='ocrx_word' id='word_1_66' title='bbox 695 819 804 896; x_wconf 85' lang='grc' dir='ltr'>παρειῦν</span> <span class='ocrx_word' id='word_1_67' title='bbox 824 819 873 880; x_wconf 82' lang='grc' dir='ltr'>οῦκ</span> <span class='ocrx_word' id='word_1_68' title='bbox 892 820 958 880; x_wconf 87' lang='grc' dir='ltr'>άπε-</span> 
     </span>
     <span class='ocr_line' id='line_1_10' title="bbox 157 904 999 986; baseline 0.005 -24"><span class='ocrx_word' id='word_1_69' title='bbox 157 907 285 986; x_wconf 89' lang='grc' dir='ltr'>λογέετο·</span> <span class='ocrx_word' id='word_1_70' title='bbox 314 904 349 981; x_wconf 83' lang='grc' dir='ltr'>ἦν</span> <span class='ocrx_word' id='word_1_71' title='bbox 375 905 429 986; x_wconf 80' lang='grc' dir='ltr'>γάρ</span> <span class='ocrx_word' id='word_1_72' title='bbox 457 905 589 970; x_wconf 85' lang='grc' dir='ltr'>α’δόνατος</span> <span class='ocrx_word' id='word_1_73' title='bbox 617 906 690 966; x_wconf 78' lang='grc' dir='ltr'>ὥστε</span> <span class='ocrx_word' id='word_1_74' title='bbox 717 910 879 985; x_wconf 78' lang='grc' dir='ltr'>σηπομένου</span> <span class='ocrx_word' id='word_1_75' title='bbox 906 911 956 968; x_wconf 85' lang='grc' dir='ltr'>τοῦ</span> <span class='ocrx_word' id='word_1_76' title='bbox 996 961 999 966; x_wconf 95' lang='grc'>.</span> 
     </span>
     <span class='ocr_line' id='line_1_11' title="bbox 143 994 958 1074; baseline 0.006 -23"><span class='ocrx_word' id='word_1_77' title='bbox 143 997 257 1070; x_wconf 81' lang='grc' dir='ltr'>’μηροῦ</span> <span class='ocrx_word' id='word_1_78' title='bbox 278 994 460 1070; x_wconf 74' lang='grc' dir='ltr'>προκειμένου</span> <span class='ocrx_word' id='word_1_79' title='bbox 478 995 508 1053; x_wconf 83' lang='grc' dir='ltr'>δέ</span> <span class='ocrx_word' id='word_1_80' title='bbox 530 995 613 1054; x_wconf 80' lang='grc' dir='ltr'>αὐτοῦ</span> <span class='ocrx_word' id='word_1_81' title='bbox 633 1001 662 1055; x_wconf 91' lang='grc' dir='ltr'>ἐν</span> <span class='ocrx_word' id='word_1_82' title='bbox 680 997 761 1074; x_wconf 82' lang='grc' dir='ltr'>κλίνη</span> <span class='ocrx_word' id='word_1_83' title='bbox 782 996 958 1073; x_wconf 82' lang='grc' dir='ltr'>ῦπεραπολο-</span> 
     </span>
     <span class='ocr_line' id='line_1_12' title="bbox 158 1082 958 1162; baseline 0.004 -23"><span class='ocrx_word' id='word_1_84' title='bbox 158 1082 257 1161; x_wconf 85' lang='grc' dir='ltr'>γέοντο</span> <span class='ocrx_word' id='word_1_85' title='bbox 278 1085 304 1140; x_wconf 81' lang='grc' dir='ltr'>οἱ</span> <span class='ocrx_word' id='word_1_86' title='bbox 328 1082 418 1157; x_wconf 91' lang='grc' dir='ltr'>φίλοι,</span> <span class='ocrx_word' id='word_1_87' title='bbox 439 1087 489 1157; x_wconf 82' lang='grc' dir='ltr'>τῆς</span> <span class='ocrx_word' id='word_1_88' title='bbox 509 1082 602 1162; x_wconf 84' lang='grc' dir='ltr'>μάχης</span> <span class='ocrx_word' id='word_1_89' title='bbox 624 1110 655 1143; x_wconf 89' lang='grc' dir='ltr'>τε</span> <span class='ocrx_word' id='word_1_90' title='bbox 678 1087 728 1158; x_wconf 84' lang='grc' dir='ltr'>τῆς</span> <span class='ocrx_word' id='word_1_91' title='bbox 752 1089 781 1143; x_wconf 91' lang='grc' dir='ltr'>ἐν</span> <span class='ocrx_word' id='word_1_92' title='bbox 804 1086 958 1161; x_wconf 84' lang='grc' dir='ltr'>Μαραθῶνι</span> 
     </span>
     <span class='ocr_line' id='line_1_13' title="bbox 159 1169 958 1248; baseline 0.005 -22"><span class='ocrx_word' id='word_1_93' title='bbox 159 1170 307 1248; x_wconf 71' lang='grc' dir='ltr'>γενομένης</span> <span class='ocrx_word' id='word_1_94' title='bbox 330 1169 426 1228; x_wconf 85' lang='grc' dir='ltr'>πολλά</span> <span class='ocrx_word' id='word_1_95' title='bbox 451 1172 666 1247; x_wconf 76' lang='grc' dir='ltr'>ἐπιμεμνημένοι</span> <span class='ocrx_word' id='word_1_96' title='bbox 693 1172 738 1229; x_wconf 84' lang='grc' dir='ltr'>καὶ</span> <span class='ocrx_word' id='word_1_97' title='bbox 765 1171 816 1247; x_wconf 75' lang='grc' dir='ltr'>τὴν</span> <span class='ocrx_word' id='word_1_98' title='bbox 843 1171 958 1247; x_wconf 82' lang='grc' dir='ltr'>Λήμνου</span> 
     </span>
     <span class='ocr_line' id='line_1_14' title="bbox 159 1255 958 1334; baseline 0.004 -20"><span class='ocrx_word' id='word_1_99' title='bbox 159 1255 276 1332; x_wconf 83' lang='grc' dir='ltr'>αἵρεσιν,</span> <span class='ocrx_word' id='word_1_100' title='bbox 291 1257 326 1320; x_wconf 78' lang='grc' dir='ltr'>ὦς</span> <span class='ocrx_word' id='word_1_101' title='bbox 340 1258 410 1316; x_wconf 81' lang='grc' dir='ltr'>έλιῦν</span> <span class='ocrx_word' id='word_1_102' title='bbox 423 1257 539 1333; x_wconf 81' lang='grc' dir='ltr'>Λῆμνόν</span> <span class='ocrx_word' id='word_1_103' title='bbox 551 1284 582 1318; x_wconf 88' lang='grc' dir='ltr'>τε</span> <span class='ocrx_word' id='word_1_104' title='bbox 596 1259 642 1316; x_wconf 86' lang='grc' dir='ltr'>καὶ</span> <span class='ocrx_word' id='word_1_105' title='bbox 659 1258 809 1334; x_wconf 85' lang='grc' dir='ltr'>τισάμενος</span> <span class='ocrx_word' id='word_1_106' title='bbox 824 1258 889 1322; x_wconf 86' lang='grc' dir='ltr'>τοῦς</span> <span class='ocrx_word' id='word_1_107' title='bbox 903 1265 958 1317; x_wconf 93' lang='grc' dir='ltr'>Πε-</span> 
     </span>
     <span class='ocr_line' id='line_1_15' title="bbox 159 1345 959 1425; baseline 0.004 -23"><span class='ocrx_word' id='word_1_108' title='bbox 159 1345 287 1424; x_wconf 84' lang='grc' dir='ltr'>λασγοῦς</span> <span class='ocrx_word' id='word_1_109' title='bbox 303 1346 443 1422; x_wconf 89' lang='grc' dir='ltr'>παρέδωκε</span> <span class='ocrx_word' id='word_1_110' title='bbox 457 1345 642 1422; x_wconf 89' lang='grc' dir='ltr'>Ἀθηναίοισι.</span> <span class='ocrx_word' id='word_1_111' title='bbox 683 1347 910 1425; x_wconf 83' lang='grc' dir='ltr'>προσγενομένου</span> <span class='ocrx_word' id='word_1_112' title='bbox 929 1347 959 1405; x_wconf 84' lang='grc' dir='ltr'>δὲ</span> 
     </span>
     <span class='ocr_line' id='line_1_16' title="bbox 159 1433 958 1513; baseline 0.004 -22"><span class='ocrx_word' id='word_1_113' title='bbox 159 1436 211 1491; x_wconf 90' lang='grc' dir='ltr'>τοῦ</span> <span class='ocrx_word' id='word_1_114' title='bbox 233 1433 322 1510; x_wconf 78' lang='grc' dir='ltr'>δήμου</span> <span class='ocrx_word' id='word_1_115' title='bbox 344 1433 417 1513; x_wconf 70' lang='grc' dir='ltr'>αὐτῷ</span> <span class='ocrx_word' id='word_1_116' title='bbox 439 1433 509 1493; x_wconf 86' lang='grc' dir='ltr'>κατιὶ</span> <span class='ocrx_word' id='word_1_117' title='bbox 529 1434 581 1510; x_wconf 78' lang='grc' dir='ltr'>τὴν</span> <span class='ocrx_word' id='word_1_118' title='bbox 603 1433 744 1494; x_wconf 79' lang='grc' dir='ltr'>ἀπόλυσιν</span> <span class='ocrx_word' id='word_1_119' title='bbox 761 1437 812 1493; x_wconf 90' lang='grc' dir='ltr'>τοῦ</span> <span class='ocrx_word' id='word_1_120' title='bbox 830 1433 958 1508; x_wconf 87' lang='grc' dir='ltr'>θανάτου,</span> 
     </span>
     <span class='ocr_line' id='line_1_17' title="bbox 160 1521 958 1598; baseline 0.005 -20"><span class='ocrx_word' id='word_1_121' title='bbox 160 1521 350 1597; x_wconf 76' lang='grc' dir='ltr'>ζημιώσαντος</span> <span class='ocrx_word' id='word_1_122' title='bbox 364 1521 393 1580; x_wconf 84' lang='grc' dir='ltr'>δὲ</span> <span class='ocrx_word' id='word_1_123' title='bbox 407 1521 477 1580; x_wconf 84' lang='grc' dir='ltr'>κατιὶ</span> <span class='ocrx_word' id='word_1_124' title='bbox 486 1521 539 1596; x_wconf 76' lang='grc' dir='ltr'>τήν</span> <span class='ocrx_word' id='word_1_125' title='bbox 552 1521 660 1598; x_wconf 75' lang='grc' dir='ltr'>ἀδικίην</span> <span class='ocrx_word' id='word_1_126' title='bbox 673 1521 845 1597; x_wconf 81' lang='grc' dir='ltr'>πεντήκοντα</span> <span class='ocrx_word' id='word_1_127' title='bbox 857 1522 958 1582; x_wconf 87' lang='grc' dir='ltr'>ταλάν-</span> 
     </span>
     <span class='ocr_line' id='line_1_18' title="bbox 159 1609 959 1687; baseline 0.005 -21"><span class='ocrx_word' id='word_1_128' title='bbox 159 1634 244 1679; x_wconf 86' lang='grc' dir='ltr'>τοισι,</span> <span class='ocrx_word' id='word_1_129' title='bbox 258 1609 415 1685; x_wconf 79' lang='grc' dir='ltr'>Μιλτιάδης</span> <span class='ocrx_word' id='word_1_130' title='bbox 428 1613 479 1686; x_wconf 79' lang='grc' dir='ltr'>’μὲν</span> <span class='ocrx_word' id='word_1_131' title='bbox 491 1609 562 1687; x_wconf 85' lang='grc' dir='ltr'>μετά</span> <span class='ocrx_word' id='word_1_132' title='bbox 575 1615 663 1670; x_wconf 91' lang='grc' dir='ltr'>ταῦτα</span> <span class='ocrx_word' id='word_1_133' title='bbox 681 1609 909 1686; x_wconf 84' lang='grc' dir='ltr'>σφακελίσαντός</span> <span class='ocrx_word' id='word_1_134' title='bbox 928 1637 959 1670; x_wconf 91' lang='grc' dir='ltr'>τε</span> 
     </span>
     <span class='ocr_line' id='line_1_19' title="bbox 159 1698 958 1777; baseline 0.004 -23"><span class='ocrx_word' id='word_1_135' title='bbox 159 1701 210 1754; x_wconf 88' lang='grc' dir='ltr'>τοῦ</span> <span class='ocrx_word' id='word_1_136' title='bbox 228 1701 319 1773; x_wconf 82' lang='grc' dir='ltr'>μηροῦ</span> <span class='ocrx_word' id='word_1_137' title='bbox 340 1698 386 1756; x_wconf 87' lang='grc' dir='ltr'>καὶ</span> <span class='ocrx_word' id='word_1_138' title='bbox 407 1699 544 1760; x_wconf 89' lang='grc' dir='ltr'>σαπέντος</span> <span class='ocrx_word' id='word_1_139' title='bbox 556 1702 681 1777; x_wconf 78' lang='grc' dir='ltr'>τελευτᾷ,</span> <span class='ocrx_word' id='word_1_140' title='bbox 695 1699 730 1758; x_wconf 78' lang='grc' dir='ltr'>τά</span> <span class='ocrx_word' id='word_1_141' title='bbox 744 1699 773 1757; x_wconf 80' lang='grc' dir='ltr'>δὲ</span> <span class='ocrx_word' id='word_1_142' title='bbox 786 1698 958 1774; x_wconf 87' lang='grc' dir='ltr'>πεντήκοντα</span> 
     </span>
     <span class='ocr_line' id='line_1_20' title="bbox 159 1782 764 1862; baseline 0.003 -19"><span class='ocrx_word' id='word_1_143' title='bbox 159 1782 284 1844; x_wconf 83' lang='grc' dir='ltr'>τάλαντα</span> <span class='ocrx_word' id='word_1_144' title='bbox 305 1785 410 1854; x_wconf 84' lang='grc' dir='ltr'>ἐξέτισε</span> <span class='ocrx_word' id='word_1_145' title='bbox 432 1785 447 1844; x_wconf 85' lang='grc' dir='ltr'>ό</span> <span class='ocrx_word' id='word_1_146' title='bbox 467 1785 532 1849; x_wconf 83' lang='grc' dir='ltr'>πάϊς</span> <span class='ocrx_word' id='word_1_147' title='bbox 552 1786 636 1845; x_wconf 74' lang='grc' dir='ltr'>αὐτοῦ</span> <span class='ocrx_word' id='word_1_148' title='bbox 658 1788 764 1862; x_wconf 88' lang='grc' dir='ltr'>Κίμων.</span> 
     </span>
    </p>

    <p class='ocr_par' dir='ltr' id='par_1_2' title="bbox 160 1872 1005 3354">
     <span class='ocr_line' id='line_1_21' title="bbox 200 1872 1005 1954; baseline 0.007 -24"><span class='ocrx_word' id='word_1_149' title='bbox 200 1876 316 1948; x_wconf 85' lang='grc' dir='ltr'>Λῆμνον</span> <span class='ocrx_word' id='word_1_150' title='bbox 330 1873 360 1932; x_wconf 85' lang='grc' dir='ltr'>δὲ</span> <span class='ocrx_word' id='word_1_151' title='bbox 372 1873 530 1950; x_wconf 80' lang='grc' dir='ltr'>Μιλτιάδης</span> <span class='ocrx_word' id='word_1_152' title='bbox 544 1873 559 1934; x_wconf 83' lang='grc' dir='ltr'>ὁ</span> <span class='ocrx_word' id='word_1_153' title='bbox 576 1875 704 1950; x_wconf 87' lang='grc' dir='ltr'>Κίμωνος</span> <span class='ocrx_word' id='word_1_154' title='bbox 718 1872 769 1933; x_wconf 86' lang='grc' dir='ltr'>ὦδε</span> <span class='ocrx_word' id='word_1_155' title='bbox 783 1876 859 1954; x_wconf 80' lang='grc' dir='ltr'>ἔσχε·</span> <span class='ocrx_word' id='word_1_156' title='bbox 881 1877 1005 1936; x_wconf 68' lang='lat' dir='ltr'>Ile-137</span> 
     </span>
     <span class='ocr_line' id='line_1_22' title="bbox 160 1961 959 2041; baseline 0.004 -23"><span class='ocrx_word' id='word_1_157' title='bbox 160 1961 275 2041; x_wconf 81' lang='grc' dir='ltr'>λαογοὶ,</span> <span class='ocrx_word' id='word_1_158' title='bbox 290 1961 351 2020; x_wconf 88' lang='grc' dir='ltr'>ἐπεί</span> <span class='ocrx_word' id='word_1_159' title='bbox 366 1987 397 2020; x_wconf 89' lang='grc' dir='ltr'>τε</span> <span class='ocrx_word' id='word_1_160' title='bbox 416 1965 445 2019; x_wconf 88' lang='grc' dir='ltr'>ἐκ</span> <span class='ocrx_word' id='word_1_161' title='bbox 464 1966 514 2037; x_wconf 78' lang='grc' dir='ltr'>τῆς</span> <span class='ocrx_word' id='word_1_162' title='bbox 526 1961 655 2036; x_wconf 84' lang='grc' dir='ltr'>Ἀττικῆς</span> <span class='ocrx_word' id='word_1_163' title='bbox 673 1961 729 2022; x_wconf 80' lang='grc' dir='ltr'>ῦπά</span> <span class='ocrx_word' id='word_1_164' title='bbox 746 1961 900 2038; x_wconf 88' lang='grc' dir='ltr'>Ἀθηναίων</span> <span class='ocrx_word' id='word_1_165' title='bbox 919 1963 959 2031; x_wconf 66' lang='grc' dir='ltr'>ἐξ</span> 
     </span>
     <span class='ocr_line' id='line_1_23' title="bbox 161 2047 959 2125; baseline 0.004 -20"><span class='ocrx_word' id='word_1_166' title='bbox 161 2047 337 2124; x_wconf 80' lang='grc' dir='ltr'>εβλήθησαν,</span> <span class='ocrx_word' id='word_1_167' title='bbox 357 2050 411 2108; x_wconf 82' lang='grc' dir='ltr'>εἴτε</span> <span class='ocrx_word' id='word_1_168' title='bbox 432 2049 468 2110; x_wconf 84' lang='grc' dir='ltr'>ὦν</span> <span class='ocrx_word' id='word_1_169' title='bbox 489 2049 522 2125; x_wconf 79' lang='grc' dir='ltr'>δη</span> <span class='ocrx_word' id='word_1_170' title='bbox 544 2051 651 2112; x_wconf 90' lang='grc' dir='ltr'>δικαίως</span> <span class='ocrx_word' id='word_1_171' title='bbox 674 2051 728 2109; x_wconf 83' lang='grc' dir='ltr'>εἴτε</span> <span class='ocrx_word' id='word_1_172' title='bbox 749 2049 856 2112; x_wconf 87' lang='grc' dir='ltr'>άδίκως·</span> <span class='ocrx_word' id='word_1_173' title='bbox 876 2055 959 2109; x_wconf 88' lang='grc' dir='ltr'>τοῦτο</span> 
     </span>
     <span class='ocr_line' id='line_1_24' title="bbox 160 2136 959 2218; baseline 0 -23"><span class='ocrx_word' id='word_1_174' title='bbox 160 2136 215 2216; x_wconf 83' lang='grc' dir='ltr'>γάρ</span> <span class='ocrx_word' id='word_1_175' title='bbox 234 2136 284 2195; x_wconf 85' lang='grc' dir='ltr'>οῦκ</span> <span class='ocrx_word' id='word_1_176' title='bbox 300 2138 354 2215; x_wconf 82' lang='grc' dir='ltr'>ἔχω</span> <span class='ocrx_word' id='word_1_177' title='bbox 372 2137 482 2214; x_wconf 78' lang='grc' dir='ltr'>φράσαι</span> <span class='ocrx_word' id='word_1_178' title='bbox 502 2138 578 2213; x_wconf 79' lang='grc' dir='ltr'>πλὴν</span> <span class='ocrx_word' id='word_1_179' title='bbox 596 2137 632 2196; x_wconf 81' lang='grc' dir='ltr'>τά</span> <span class='ocrx_word' id='word_1_180' title='bbox 649 2137 798 2218; x_wconf 91' lang='grc' dir='ltr'>λεγόμενα·</span> <span class='ocrx_word' id='word_1_181' title='bbox 820 2136 862 2196; x_wconf 85' lang='grc' dir='ltr'>ὅτι</span> <span class='ocrx_word' id='word_1_182' title='bbox 879 2136 959 2195; x_wconf 85' lang='grc' dir='ltr'>Ἑκα-</span> 
     </span>
     <span class='ocr_line' id='line_1_25' title="bbox 160 2224 960 2306; baseline 0.001 -23"><span class='ocrx_word' id='word_1_183' title='bbox 160 2228 238 2286; x_wconf 84' lang='grc' dir='ltr'>ταῖος</span> <span class='ocrx_word' id='word_1_184' title='bbox 258 2227 309 2301; x_wconf 78' lang='grc' dir='ltr'>μὲν</span> <span class='ocrx_word' id='word_1_185' title='bbox 331 2225 346 2284; x_wconf 84' lang='grc' dir='ltr'>ό</span> <span class='ocrx_word' id='word_1_186' title='bbox 367 2225 565 2306; x_wconf 89' lang='grc' dir='ltr'>Ἡγησάνδρου</span> <span class='ocrx_word' id='word_1_187' title='bbox 587 2228 677 2301; x_wconf 81' lang='grc' dir='ltr'>ἔφησε</span> <span class='ocrx_word' id='word_1_188' title='bbox 700 2230 728 2284; x_wconf 85' lang='grc' dir='ltr'>ἐν</span> <span class='ocrx_word' id='word_1_189' title='bbox 748 2228 825 2284; x_wconf 82' lang='grc' dir='ltr'>τοῖσι</span> <span class='ocrx_word' id='word_1_190' title='bbox 846 2224 960 2305; x_wconf 91' lang='grc' dir='ltr'>λόγοισι</span> 
     </span>
     <span class='ocr_line' id='line_1_26' title="bbox 162 2311 960 2394; baseline 0.004 -24"><span class='ocrx_word' id='word_1_191' title='bbox 162 2312 251 2392; x_wconf 87' lang='grc' dir='ltr'>λέγων</span> <span class='ocrx_word' id='word_1_192' title='bbox 265 2312 371 2375; x_wconf 86' lang='grc' dir='ltr'>α’δίκως·</span> <span class='ocrx_word' id='word_1_193' title='bbox 393 2314 454 2372; x_wconf 86' lang='grc' dir='ltr'>ἐπεί</span> <span class='ocrx_word' id='word_1_194' title='bbox 465 2339 495 2373; x_wconf 92' lang='grc' dir='ltr'>τε</span> <span class='ocrx_word' id='word_1_195' title='bbox 508 2314 563 2394; x_wconf 85' lang='grc' dir='ltr'>γάρ</span> <span class='ocrx_word' id='word_1_196' title='bbox 579 2314 644 2372; x_wconf 84' lang='grc' dir='ltr'>ἰδεῖν</span> <span class='ocrx_word' id='word_1_197' title='bbox 656 2313 720 2376; x_wconf 84' lang='grc' dir='ltr'>τοῦς</span> <span class='ocrx_word' id='word_1_198' title='bbox 732 2311 896 2388; x_wconf 87' lang='grc' dir='ltr'>Ἀθηναίους</span> <span class='ocrx_word' id='word_1_199' title='bbox 909 2313 960 2388; x_wconf 73' lang='grc' dir='ltr'>τήν</span> 
     </span>
     <span class='ocr_line' id='line_1_27' title="bbox 160 2400 960 2478; baseline 0.005 -21"><span class='ocrx_word' id='word_1_200' title='bbox 160 2400 262 2478; x_wconf 80' lang='grc' dir='ltr'>χώρην,</span> <span class='ocrx_word' id='word_1_201' title='bbox 275 2400 327 2475; x_wconf 86' lang='grc' dir='ltr'>τήν</span> <span class='ocrx_word' id='word_1_202' title='bbox 340 2407 428 2475; x_wconf 93' lang='grc' dir='ltr'>σφισι</span> <span class='ocrx_word' id='word_1_203' title='bbox 442 2401 552 2460; x_wconf 74' lang='grc' dir='ltr'>αὐτοῖσι</span> <span class='ocrx_word' id='word_1_204' title='bbox 566 2401 620 2460; x_wconf 81' lang='grc' dir='ltr'>ῦπὸ</span> <span class='ocrx_word' id='word_1_205' title='bbox 634 2401 683 2461; x_wconf 88' lang='grc' dir='ltr'>τὸν</span> <span class='ocrx_word' id='word_1_206' title='bbox 696 2401 844 2477; x_wconf 75' lang='grc' dir='ltr'>Ὑμησσὸν</span> <span class='ocrx_word' id='word_1_207' title='bbox 858 2405 960 2461; x_wconf 90' lang='grc' dir='ltr'>ἐοῦσαν</span> 
     </span>
     <span class='ocr_line' id='line_1_28' title="bbox 162 2487 960 2567; baseline 0 -21"><span class='ocrx_word' id='word_1_208' title='bbox 162 2487 263 2546; x_wconf 79' lang='grc' dir='ltr'>ἔδοσαν</span> <span class='ocrx_word' id='word_1_209' title='bbox 287 2491 400 2563; x_wconf 86' lang='grc' dir='ltr'>οἰκῆσαι</span> <span class='ocrx_word' id='word_1_210' title='bbox 420 2489 525 2565; x_wconf 81' lang='grc' dir='ltr'>μισθόν</span> <span class='ocrx_word' id='word_1_211' title='bbox 547 2493 597 2548; x_wconf 87' lang='grc' dir='ltr'>τοῦ</span> <span class='ocrx_word' id='word_1_212' title='bbox 620 2489 725 2567; x_wconf 86' lang='grc' dir='ltr'>τείχεος</span> <span class='ocrx_word' id='word_1_213' title='bbox 747 2493 798 2548; x_wconf 86' lang='grc' dir='ltr'>τοῦ</span> <span class='ocrx_word' id='word_1_214' title='bbox 822 2490 886 2566; x_wconf 86' lang='grc' dir='ltr'>περὶ</span> <span class='ocrx_word' id='word_1_215' title='bbox 907 2488 960 2563; x_wconf 75' lang='grc' dir='ltr'>τήν</span> 
     </span>
     <span class='ocr_line' id='line_1_29' title="bbox 161 2573 960 2652; baseline 0.009 -20"><span class='ocrx_word' id='word_1_216' title='bbox 161 2573 314 2650; x_wconf 72' lang='grc' dir='ltr'>ἀκρόπολίν</span> <span class='ocrx_word' id='word_1_217' title='bbox 336 2601 399 2635; x_wconf 87' lang='grc' dir='ltr'>κοτε</span> <span class='ocrx_word' id='word_1_218' title='bbox 420 2577 603 2652; x_wconf 81' lang='grc' dir='ltr'>ἐληλαμένου</span> <span class='ocrx_word' id='word_1_219' title='bbox 630 2576 732 2652; x_wconf 75' lang='grc' dir='ltr'>ταύτην</span> <span class='ocrx_word' id='word_1_220' title='bbox 755 2577 789 2640; x_wconf 79' lang='grc' dir='ltr'>ὥς</span> <span class='ocrx_word' id='word_1_221' title='bbox 811 2577 876 2636; x_wconf 76' lang='grc' dir='ltr'>ίδεῖν</span> <span class='ocrx_word' id='word_1_222' title='bbox 896 2577 960 2640; x_wconf 85' lang='grc' dir='ltr'>τοῦς</span> 
     </span>
     <span class='ocr_line' id='line_1_30' title="bbox 161 2661 960 2744; baseline 0.001 -23"><span class='ocrx_word' id='word_1_223' title='bbox 161 2661 324 2738; x_wconf 87' lang='grc' dir='ltr'>Ἀθηναίους</span> <span class='ocrx_word' id='word_1_224' title='bbox 338 2665 542 2744; x_wconf 76' lang='grc' dir='ltr'>ἐξεργασμένην</span> <span class='ocrx_word' id='word_1_225' title='bbox 556 2664 592 2734; x_wconf 77' lang='grc' dir='ltr'>εὖ,</span> <span class='ocrx_word' id='word_1_226' title='bbox 607 2665 658 2740; x_wconf 80' lang='grc' dir='ltr'>τήν</span> <span class='ocrx_word' id='word_1_227' title='bbox 670 2665 806 2742; x_wconf 83' lang='grc' dir='ltr'>πρότερον</span> <span class='ocrx_word' id='word_1_228' title='bbox 824 2665 893 2725; x_wconf 83' lang='grc' dir='ltr'>εἶναι</span> <span class='ocrx_word' id='word_1_229' title='bbox 913 2690 960 2722; x_wconf 90' lang='grc' dir='ltr'>κα-</span> 
     </span>
     <span class='ocr_line' id='line_1_31' title="bbox 162 2750 960 2828; baseline 0 -18"><span class='ocrx_word' id='word_1_230' title='bbox 162 2750 213 2825; x_wconf 85' lang='grc' dir='ltr'>κήν</span> <span class='ocrx_word' id='word_1_231' title='bbox 225 2777 255 2810; x_wconf 90' lang='grc' dir='ltr'>τε</span> <span class='ocrx_word' id='word_1_232' title='bbox 270 2751 315 2809; x_wconf 86' lang='grc' dir='ltr'>καὶ</span> <span class='ocrx_word' id='word_1_233' title='bbox 328 2755 378 2810; x_wconf 92' lang='grc' dir='ltr'>τοῦ</span> <span class='ocrx_word' id='word_1_234' title='bbox 391 2752 508 2828; x_wconf 81' lang='grc' dir='ltr'>μηδενός</span> <span class='ocrx_word' id='word_1_235' title='bbox 521 2751 608 2828; x_wconf 81' lang='grc' dir='ltr'>άξίην,</span> <span class='ocrx_word' id='word_1_236' title='bbox 623 2754 725 2828; x_wconf 84' lang='grc' dir='ltr'>λαβεῖν</span> <span class='ocrx_word' id='word_1_237' title='bbox 741 2752 847 2828; x_wconf 90' lang='grc' dir='ltr'>φθόνον</span> <span class='ocrx_word' id='word_1_238' title='bbox 863 2779 895 2812; x_wconf 88' lang='grc' dir='ltr'>τε</span> <span class='ocrx_word' id='word_1_239' title='bbox 914 2753 960 2811; x_wconf 88' lang='grc' dir='ltr'>καὶ</span> 
     </span>
     <span class='ocr_line' id='line_1_32' title="bbox 162 2838 960 2918; baseline 0.004 -22"><span class='ocrx_word' id='word_1_240' title='bbox 162 2838 257 2914; x_wconf 78' lang='grc' dir='ltr'>ἵμερον</span> <span class='ocrx_word' id='word_1_241' title='bbox 270 2843 319 2914; x_wconf 81' lang='grc' dir='ltr'>τῆς</span> <span class='ocrx_word' id='word_1_242' title='bbox 332 2843 392 2918; x_wconf 77' lang='grc' dir='ltr'>γῆς,</span> <span class='ocrx_word' id='word_1_243' title='bbox 407 2840 452 2897; x_wconf 80' lang='grc' dir='ltr'>καὶ</span> <span class='ocrx_word' id='word_1_244' title='bbox 466 2838 537 2898; x_wconf 79' lang='grc' dir='ltr'>οὕτω</span> <span class='ocrx_word' id='word_1_245' title='bbox 551 2839 705 2909; x_wconf 78' lang='grc' dir='ltr'>ἐξελαύνειν</span> <span class='ocrx_word' id='word_1_246' title='bbox 719 2840 817 2902; x_wconf 80' lang='grc' dir='ltr'>αὐτοῦς</span> <span class='ocrx_word' id='word_1_247' title='bbox 831 2840 960 2916; x_wconf 78' lang='grc' dir='ltr'>οὐδεμίαν</span> 
     </span>
     <span class='ocr_line' id='line_1_33' title="bbox 161 2924 959 3004; baseline 0 -20"><span class='ocrx_word' id='word_1_248' title='bbox 161 2924 255 3002; x_wconf 83' lang='grc' dir='ltr'>άλλην</span> <span class='ocrx_word' id='word_1_249' title='bbox 278 2927 424 3002; x_wconf 81' lang='grc' dir='ltr'>πρόφασιν</span> <span class='ocrx_word' id='word_1_250' title='bbox 450 2928 672 3004; x_wconf 83' lang='grc' dir='ltr'>προϊσχομένους</span> <span class='ocrx_word' id='word_1_251' title='bbox 697 2927 762 2988; x_wconf 81' lang='grc' dir='ltr'>τοῦς</span> <span class='ocrx_word' id='word_1_252' title='bbox 787 2926 959 3000; x_wconf 86' lang='grc' dir='ltr'>Ἀθηναίους.</span> 
     </span>
     <span class='ocr_line' id='line_1_34' title="bbox 162 3012 959 3094; baseline -0.001 -23"><span class='ocrx_word' id='word_1_253' title='bbox 162 3012 198 3080; x_wconf 79' lang='grc' dir='ltr'>ὥς</span> <span class='ocrx_word' id='word_1_254' title='bbox 221 3014 250 3072; x_wconf 77' lang='grc' dir='ltr'>δὲ</span> <span class='ocrx_word' id='word_1_255' title='bbox 271 3013 349 3072; x_wconf 79' lang='grc' dir='ltr'>αὐτοὶ</span> <span class='ocrx_word' id='word_1_256' title='bbox 371 3013 515 3089; x_wconf 84' lang='grc' dir='ltr'>Ἀθηναῖοι</span> <span class='ocrx_word' id='word_1_257' title='bbox 538 3015 663 3094; x_wconf 88' lang='grc' dir='ltr'>λέγουσι,</span> <span class='ocrx_word' id='word_1_258' title='bbox 686 3014 794 3074; x_wconf 87' lang='grc' dir='ltr'>δικαίως</span> <span class='ocrx_word' id='word_1_259' title='bbox 818 3012 959 3084; x_wconf 77' lang='grc' dir='ltr'>ἐξελάσαι.</span> 
     </span>
     <span class='ocr_line' id='line_1_35' title="bbox 163 3097 959 3181; baseline -0.001 -23"><span class='ocrx_word' id='word_1_260' title='bbox 163 3101 376 3176; x_wconf 85' lang='grc' dir='ltr'>κατοικημένους</span> <span class='ocrx_word' id='word_1_261' title='bbox 395 3101 449 3181; x_wconf 82' lang='grc' dir='ltr'>γάρ</span> <span class='ocrx_word' id='word_1_262' title='bbox 470 3101 534 3164; x_wconf 81' lang='grc' dir='ltr'>τοῦς</span> <span class='ocrx_word' id='word_1_263' title='bbox 547 3100 718 3180; x_wconf 82' lang='grc' dir='ltr'>Πελασγοῦς</span> <span class='ocrx_word' id='word_1_264' title='bbox 733 3098 787 3158; x_wconf 82' lang='grc' dir='ltr'>ῦπό</span> <span class='ocrx_word' id='word_1_265' title='bbox 801 3102 839 3175; x_wconf 78' lang='grc' dir='ltr'>τῷ</span> <span class='ocrx_word' id='word_1_266' title='bbox 852 3097 959 3174; x_wconf 82' lang='grc' dir='ltr'>Ὑμησ-</span> 
     </span>
     <span class='ocr_line' id='line_1_36' title="bbox 162 3184 960 3266; baseline -0.003 -20"><span class='ocrx_word' id='word_1_267' title='bbox 162 3193 213 3266; x_wconf 78' lang='grc' dir='ltr'>σῷ,</span> <span class='ocrx_word' id='word_1_268' title='bbox 228 3189 352 3248; x_wconf 83' lang='grc' dir='ltr'>ἐνθεῦτεν</span> <span class='ocrx_word' id='word_1_269' title='bbox 366 3188 553 3265; x_wconf 89' lang='grc' dir='ltr'>ὁρμεωμέναυς</span> <span class='ocrx_word' id='word_1_270' title='bbox 566 3187 682 3246; x_wconf 79' lang='grc' dir='ltr'>ἀδικέειν</span> <span class='ocrx_word' id='word_1_271' title='bbox 694 3185 768 3244; x_wconf 90' lang='grc' dir='ltr'>τάδε·</span> <span class='ocrx_word' id='word_1_272' title='bbox 790 3189 892 3259; x_wconf 79' lang='grc' dir='ltr'>φοιτᾶν</span> <span class='ocrx_word' id='word_1_273' title='bbox 904 3184 960 3266; x_wconf 76' lang='grc' dir='ltr'>γάρ</span> 
     </span>
     <span class='ocr_line' id='line_1_37' title="bbox 162 3272 959 3354; baseline -0.003 -21"><span class='ocrx_word' id='word_1_274' title='bbox 162 3276 216 3334; x_wconf 82' lang='grc' dir='ltr'>αἰεὶ</span> <span class='ocrx_word' id='word_1_275' title='bbox 230 3275 280 3338; x_wconf 77' lang='grc' dir='ltr'>τάς</span> <span class='ocrx_word' id='word_1_276' title='bbox 292 3275 432 3350; x_wconf 87' lang='grc' dir='ltr'>σφετέρας</span> <span class='ocrx_word' id='word_1_277' title='bbox 453 3276 604 3354; x_wconf 84' lang='grc' dir='ltr'>θυγατέρας</span> <span class='ocrx_word' id='word_1_278' title='bbox 617 3299 647 3332; x_wconf 89' lang='grc' dir='ltr'>τε</span> <span class='ocrx_word' id='word_1_279' title='bbox 661 3273 707 3330; x_wconf 82' lang='grc' dir='ltr'>καὶ</span> <span class='ocrx_word' id='word_1_280' title='bbox 719 3272 783 3334; x_wconf 86' lang='grc' dir='ltr'>τοῦς</span> <span class='ocrx_word' id='word_1_281' title='bbox 795 3272 896 3335; x_wconf 84' lang='grc' dir='ltr'>παῖδας</span> <span class='ocrx_word' id='word_1_282' title='bbox 917 3272 959 3332; x_wconf 84' lang='grc' dir='ltr'>ἐπ’</span> 
     </span>
    </p>
   </div>
   <div class='ocr_carea' id='block_1_2' title="bbox 0 0 1149 3538">
    <p class='ocr_par' dir='ltr' id='par_1_3' title="bbox 0 0 1149 3538">
     <span class='ocr_line' id='line_1_38' title="bbox 0 0 1149 3538; baseline 0 0"><span class='ocrx_word' id='word_1_283' title='bbox 0 0 1149 3538; x_wconf 95' lang='lat' dir='ltr'> </span> 
     </span>
    </p>
   </div>
  </div>
 </body>
</html>
