2278 3538
173 131 232 179 ,τοι
490 131 672 179 ἀνοιοτοτ
894 132 984 198 [vm.

170 212 259 269 -τοῖσι
279 208 394 288 λόγοισι
414 207 450 269 τό
469 211 536 291 έργα
558 208 726 286 πειρώμενον
747 209 841 287 ὁμοῖα.
882 211 984 289 ταύτην

182 298 234 373 μὲν
249 296 300 372 τήν
313 295 421 373 ήμέρην
437 303 465 360 ἐς
481 301 604 357 τοσοῦτο
621 299 735 377 ἐγίνετο·
761 302 814 374 τῆς
831 299 861 358 δέ
879 300 984 369 νυκτός,

186 384 369 447 κελεύσαντος
387 386 525 460 βασιλέος
537 385 588 448 τός
601 390 669 462 νῆας
683 390 708 444 οἱ
723 387 877 468 στρατηγοὶ
891 393 921 447 ἐκ
934 393 984 448 τού

171 473 317 550 ,Φαλήρου
343 471 453 554 ἀπῆγον
474 473 565 534 ὀπίσω
578 479 613 537 Ιἐς
633 474 683 534 τύν
702 474 927 550 Ἑλλήσποντον,
949 476 985 540 ὥς

171 589 175 596 ’
186 560 282 641 τάχεος
296 560 354 641 εἶχε
368 563 493 636 ἕκαστος,
506 562 734 639 διαφυλαξούσας
743 561 793 626 ταὶς
806 562 921 642 σχεδίας
934 589 984 624 το-

183 651 315 728 ρευθῆναι
333 651 464 726 βασιλέἶ.
499 652 559 710 ἐπεὶ
578 651 609 710 δέ
630 649 720 732 α’γχοῦ
740 648 815 728 ἦσαν
835 655 985 729 Ζωστῆρος

182 737 323 801 πλώοντες
341 742 368 798 οἱ
384 737 538 816 βάρβαροι,
558 739 732 800 ἀνατείνουσι
748 739 803 820 γοῖρ
822 739 904 816 ἄκραι
917 744 983 799 λεπ-

181 826 229 884 ταὶ
248 829 298 900 τῆς
317 825 445 903 ἠπείρου,
463 826 565 890 ταύτας
586 825 682 896 ἔδοξάν
700 853 732 886 τε
751 831 819 903 νῆας
839 825 914 899 εἶναι,
937 831 984 889 καὶ

182 912 301 993 ἔφευγον
321 914 366 972 ἐπὶ
379 913 499 976 πολλόν·
521 914 612 994 χρόνῳ
626 915 656 974 δέ
668 914 806 991 μαθόντες
818 913 861 975 ὅτι
874 913 907 974 ού
920 918 984 991 νῆες

183 999 237 1062 εἶεν
247 999 312 1060 ἀλλ’
326 1001 416 1079 ἄκραι,
431 1005 635 1082 συλλεχθέντες
648 1004 816 1080 ἐκομίζοντο.

136 1089 194 1150 108
235 1088 283 1152 Ὡς
297 1090 326 1148 δὲ
339 1089 430 1168 ἡμέρη
444 1092 561 1172 ἐγένετο,
576 1091 700 1168 ὁρέοντες
712 1095 740 1150 οἷ
754 1090 894 1167 Ἐλληνες
913 1091 984 1153 κατὰ

184 1175 280 1256 χώρην
296 1179 416 1255 μένοντα
433 1179 483 1239 τόν
497 1179 619 1256 στρατόν
636 1179 685 1239 τόν
698 1179 791 1250 πεζόν,
804 1178 924 1256 ἤλπιζον
938 1181 984 1239 καὶ

181 1265 232 1329 τός
244 1270 313 1342 νῆας
327 1267 396 1327 εἶναι
406 1267 470 1344 περὶ
480 1265 620 1344 Φάληρον·
636 1267 744 1328 ἐδόκεόν
753 1293 784 1328 τε
793 1267 985 1347 ναυμαχήσειν

183 1355 284 1430 σφέας,
305 1355 494 1433 παραρτέοντό
516 1381 548 1415 τε
572 1355 607 1418 ώς
630 1354 843 1433 ἅλεξησόμενοι·
872 1357 933 1416 ἐπεὶ
950 1357 984 1416 ’δέ

183 1441 318 1503 ἐπύθοντο
339 1443 389 1506 τὰς
411 1439 479 1519 νῆας
503 1444 655 1522 οἰχωκυίας,
677 1443 775 1503 αύτίκα
801 1444 872 1520 μετοῖ
897 1449 983 1514 ταῦτα

182 1529 276 1589 έδόκεε
292 1530 453 1591 ἐπιδιώκειν·
473 1531 525 1591 τόν
539 1532 591 1608 μέν
609 1557 658 1591 νυν
673 1531 801 1591 ναυτικόν
814 1531 863 1590 τόν
876 1532 984 1609 Ξέρξεω

185 1615 308 1693 στρατόν
321 1617 372 1676 ούκ
386 1619 495 1678 ἐπεῖδον
513 1619 658 1688 διώξαντες
672 1620 756 1699 μέχρι
768 1618 897 1694 Ἀνδρου,
914 1625 941 1683 ἐς
955 1620 985 1678 δέ

183 1702 360 1781 ’τήνἊνδρον
370 1705 533 1783 ἀπικόμενοι
544 1707 738 1782 ἐβουλεύοντο.
776 1708 984 1784 Θεμιστοκλέης

185 1792 237 1867 μέν
251 1817 299 1852 νυν
312 1794 424 1874 γνώμην
437 1793 624 1865 ἀπεδείκνυτο,
635 1793 680 1853 διὰ
692 1794 784 1870 νήσων
796 1794 985 1872 τραπομένους

185 1879 231 1938 καὶ
255 1880 450 1950 ἐπιδιώξαντας
470 1882 520 1945 τᾶς
541 1887 609 1958 νῆας
629 1883 734 1942 πλώειν
762 1883 838 1946 ἰθέως
864 1883 909 1941 ἐπὶ
935 1882 986 1943 τόν

186 1966 410 2045 Ἑλλήσποντον,
427 1971 566 2034 λύσοντας
583 1971 634 2034 τοὶς
651 1971 785 2052 γεφύρας·
809 1970 985 2048 Εὐρυβιάδης

184 2056 214 2115 δέ
231 2057 282 2132 τήν
301 2060 425 2135 ἐναντίην
443 2059 530 2138 ταύτῃ
543 2053 782 2140 γνώμηνέτίθετο,
799 2058 897 2139 λέγων,
912 2058 948 2122 ὥς
962 2064 985 2119 εἰ

184 2144 308 2206 λύσουσι
334 2146 385 2209 τὰς
411 2147 532 2226 σχεδίας,
553 2147 628 2206 τοῦτ’
655 2145 689 2206 ἂν
715 2147 852 2227 μέγιστον
876 2145 986 2207 πόντων

184 2234 278 2310 σφεῖς
288 2233 372 2294 κακόν
389 2235 441 2310 τήν
454 2235 581 2295 Ἐλλάδα
600 2234 775 2316 ἐργάσαιντο·
798 2238 822 2293 εἰ
834 2234 889 2315 γὰρ
903 2232 986 2316 ἄναγ-

185 2323 303 2398 κασθείη
310 2319 535 2400 α’πολαμφθεὶςό
546 2324 662 2400 Πέρσης
668 2324 761 2400 μένειν
771 2327 800 2382 ἐν
808 2325 845 2400 τῇ
854 2320 985 2402 Εὐρώπη,

187 2414 305 2487 πειρῷτο
325 2408 360 2469 ἐν
382 2408 504 2490 ήσυχίην
524 2411 565 2486 μή
587 2409 673 2492 ἄγειν·
706 2411 741 2474 ώς
763 2410 858 2492 ἄγοντι
881 2411 934 2487 μέν
960 2414 987 2470 οἱ

185 2495 314 2574 ήσυχίην,
343 2496 406 2557 ούτε
431 2523 459 2556 τι
485 2499 655 2576 προχωρέειν
682 2498 741 2559 οἶόν
767 2524 798 2558 τε
825 2500 905 2558 ἔσται
931 2503 988 2559 τῶν

184 2584 362 2664 πρηγμάτων,
382 2584 444 2645 οὔτε
467 2611 509 2648 τις
531 2587 630 2662 κομιδή
652 2587 685 2647 τό
707 2587 798 2647 ὀπίσω
820 2587 986 2663 φανήσεται,

184 2675 260 2750 λιμῷ
285 2672 319 2732 τέ
340 2675 367 2732 οἱ
386 2672 406 2750 ή
427 2674 546 2751 στρατιή
568 2675 775 2752 διαφθαρέεται·
804 2677 987 2754 ἐπιχειρέοντι

185 2757 215 2819 δέ
236 2758 309 2839 αύτῷ
330 2761 376 2820 καὶ
403 2763 484 2842 ἔργου
507 2764 637 2842 ἐχομένῳ,
659 2763 751 2822 πάντα
774 2762 810 2822 τό
836 2762 907 2822 κατὰ
933 2763 988 2840 τήν

185 2845 322 2925 Εὐρώπην
336 2849 381 2909 οἷό
393 2877 424 2910 τε
438 2851 517 2910 ἔσται
535 2855 740 2929 προσχωρῆσαι
759 2851 829 2910 κατὰ
841 2849 945 2915 πόλιός
956 2877 988 2912 τε

186 2935 232 2994 καὶ
250 2937 320 2996 κατὰ
337 2938 424 3007 ἔθνεα,
438 2937 500 3013 ήτοι
518 2937 709 3013 εἶλισκομένων
723 2963 756 3019 γε
774 2936 793 3015 ἢ
811 2939 866 3017 πρό
887 2939 988 2999 τούτου

185 3021 403 3104 ὁμολογεόντων·
428 3024 538 3100 τροφήν
557 3051 588 3085 τε
607 3026 677 3094 ἕξειν
695 3029 787 3101 σφέας
799 3026 850 3087 τόν
864 3028 988 3087 ἐπέτειον

186 3112 238 3169 αἰεὶ
256 3117 311 3172 τῶν
328 3112 473 3188 Ἑλλήνων
491 3111 606 3188 καρπόν·
627 3111 704 3171 ἄλλό
720 3114 824 3174 δοκέειν
842 3115 897 3195 γὰρ
913 3140 988 3192 νικη-

187 3197 269 3256 θέντα
288 3203 324 3278 τῇ
345 3199 483 3276 ναυμαχίη
504 3198 536 3257 ου’
556 3201 662 3275 μενέειν
683 3205 712 3260 ἐν
733 3205 769 3279 τῇ
789 3201 911 3280 Εὐρώπη
937 3202 988 3263 τόν

187 3283 310 3358 Πέρσεα·
332 3290 426 3344 ἐατέον
443 3283 480 3344 ιδν
498 3282 566 3344 εἶναι
583 3287 696 3366 φεύγειν
715 3293 742 3350 ἐς
759 3286 776 3347 ὃ
791 3289 861 3368 ἔλθη
875 3288 984 3372 φεύγοι
