<?xml version="1.0" encoding="UTF-8"?>
<!DOCTYPE html PUBLIC "-//W3C//DTD XHTML 1.0 Transitional//EN"
    "http://www.w3.org/TR/xhtml1/DTD/xhtml1-transitional.dtd">
<html xmlns="http://www.w3.org/1999/xhtml" xml:lang="en" lang="en">
 <head>
  <title>
</title>
<meta http-equiv="Content-Type" content="text/html;charset=utf-8" />
  <meta name='ocr-system' content='tesseract 3.04.00' />
  <meta name='ocr-capabilities' content='ocr_page ocr_carea ocr_par ocr_line ocrx_word'/>
</head>
<body>
  <div class='ocr_page' id='page_1' title='image "./herodotusrecens02blakgoog_0188.png"; bbox 0 0 2276 3538; ppageno 0'>
   <div class='ocr_carea' id='block_1_1' title="bbox 153 129 1004 3358">
    <p class='ocr_par' dir='ltr' id='par_1_1' title="bbox 153 129 1004 3358">
     <span class='ocr_line' id='line_1_1' title="bbox 205 129 998 194; baseline 0.001 -14"><span class='ocrx_word' id='word_1_1' title='bbox 205 132 253 180; x_wconf 81' lang='lat'>180</span> <span class='ocrx_word' id='word_1_2' title='bbox 509 129 692 178; x_wconf 75' lang='grc' dir='ltr'>Ἥνοιουυυ</span> <span class='ocrx_word' id='word_1_3' title='bbox 920 129 998 194; x_wconf 80' lang='lat' dir='ltr'><strong>[vn.</strong></span> 
     </span>
     <span class='ocr_line' id='line_1_2' title="bbox 153 205 1002 287; baseline 0.002 -22"><span class='ocrx_word' id='word_1_4' title='bbox 153 208 208 265; x_wconf 82' lang='lat'>149</span> <span class='ocrx_word' id='word_1_5' title='bbox 219 213 279 281; x_wconf 97' lang='grc' dir='ltr'>σφι</span> <span class='ocrx_word' id='word_1_6' title='bbox 292 207 421 285; x_wconf 76' lang='grc' dir='ltr'>ἀποχρᾶν</span> <span class='ocrx_word' id='word_1_7' title='bbox 438 207 507 266; x_wconf 78' lang='grc' dir='ltr'>κατοῖ</span> <span class='ocrx_word' id='word_1_8' title='bbox 525 207 557 266; x_wconf 82' lang='grc' dir='ltr'>τό</span> <span class='ocrx_word' id='word_1_9' title='bbox 573 206 662 282; x_wconf 79' lang='grc' dir='ltr'>ἥμισυ</span> <span class='ocrx_word' id='word_1_10' title='bbox 679 205 867 287; x_wconf 76' lang='grc' dir='ltr'>ἡγεομένοισι.</span> <span class='ocrx_word' id='word_1_11' title='bbox 908 213 1002 268; x_wconf 83' lang='grc' dir='ltr'>Ταῦτα</span> 
     </span>
     <span class='ocr_line' id='line_1_3' title="bbox 198 294 1001 374; baseline 0.002 -22"><span class='ocrx_word' id='word_1_12' title='bbox 198 297 249 370; x_wconf 81' lang='grc' dir='ltr'>μὲν</span> <span class='ocrx_word' id='word_1_13' title='bbox 263 295 381 374; x_wconf 89' lang='grc' dir='ltr'>λέγουσι</span> <span class='ocrx_word' id='word_1_14' title='bbox 396 295 448 370; x_wconf 88' lang='grc' dir='ltr'>τὴν</span> <span class='ocrx_word' id='word_1_15' title='bbox 463 296 575 371; x_wconf 81' lang='grc' dir='ltr'>βουλὴν</span> <span class='ocrx_word' id='word_1_16' title='bbox 590 294 802 370; x_wconf 71' lang='grc' dir='ltr'>ὑποκρίνασθαι,</span> <span class='ocrx_word' id='word_1_17' title='bbox 818 295 916 372; x_wconf 89' lang='grc' dir='ltr'>καίπερ</span> <span class='ocrx_word' id='word_1_18' title='bbox 931 295 1001 354; x_wconf 82' lang='grc' dir='ltr'>άπα-</span> 
     </span>
     <span class='ocr_line' id='line_1_4' title="bbox 198 381 1002 462; baseline 0.001 -22"><span class='ocrx_word' id='word_1_19' title='bbox 198 381 361 462; x_wconf 84' lang='grc' dir='ltr'>γορεόοντός</span> <span class='ocrx_word' id='word_1_20' title='bbox 381 389 436 457; x_wconf 92' lang='grc' dir='ltr'>σφι</span> <span class='ocrx_word' id='word_1_21' title='bbox 456 387 505 442; x_wconf 85' lang='grc' dir='ltr'>τοῦ</span> <span class='ocrx_word' id='word_1_22' title='bbox 528 383 700 461; x_wconf 80' lang='grc' dir='ltr'>χρηστηρίου</span> <span class='ocrx_word' id='word_1_23' title='bbox 721 381 762 458; x_wconf 82' lang='grc' dir='ltr'>μὴ</span> <span class='ocrx_word' id='word_1_24' title='bbox 783 383 930 443; x_wconf 78' lang='grc' dir='ltr'>ποιέεσθαι</span> <span class='ocrx_word' id='word_1_25' title='bbox 950 385 1002 458; x_wconf 85' lang='grc' dir='ltr'>τὴν</span> 
     </span>
     <span class='ocr_line' id='line_1_5' title="bbox 198 469 1002 548; baseline 0.002 -20"><span class='ocrx_word' id='word_1_26' title='bbox 198 469 269 546; x_wconf 83' lang='grc' dir='ltr'>πρός</span> <span class='ocrx_word' id='word_1_27' title='bbox 291 469 355 534; x_wconf 74' lang='grc' dir='ltr'>τούς</span> <span class='ocrx_word' id='word_1_28' title='bbox 370 469 514 546; x_wconf 87' lang='grc' dir='ltr'>Ἕλληνας</span> <span class='ocrx_word' id='word_1_29' title='bbox 536 471 709 548; x_wconf 85' lang='grc' dir='ltr'>συμμαχίην·</span> <span class='ocrx_word' id='word_1_30' title='bbox 731 469 858 544; x_wconf 88' lang='grc' dir='ltr'>σπουδὴν</span> <span class='ocrx_word' id='word_1_31' title='bbox 879 471 908 529; x_wconf 80' lang='grc' dir='ltr'>δὲ</span> <span class='ocrx_word' id='word_1_32' title='bbox 929 472 1002 548; x_wconf 77' lang='grc' dir='ltr'>ἔχειν</span> 
     </span>
     <span class='ocr_line' id='line_1_6' title="bbox 200 557 1002 639; baseline 0.002 -23"><span class='ocrx_word' id='word_1_33' title='bbox 200 557 324 621; x_wconf 81' lang='grc' dir='ltr'>σπονδάς</span> <span class='ocrx_word' id='word_1_34' title='bbox 342 559 475 639; x_wconf 89' lang='grc' dir='ltr'>γενέσθαι</span> <span class='ocrx_word' id='word_1_35' title='bbox 493 558 732 634; x_wconf 81' lang='grc' dir='ltr'>τριηκοντοέτιδας</span> <span class='ocrx_word' id='word_1_36' title='bbox 750 558 849 634; x_wconf 86' lang='grc' dir='ltr'>καίπερ</span> <span class='ocrx_word' id='word_1_37' title='bbox 862 558 895 617; x_wconf 79' lang='grc' dir='ltr'>τό</span> <span class='ocrx_word' id='word_1_38' title='bbox 913 583 1002 636; x_wconf 90' lang='grc' dir='ltr'>χρησ-</span> 
     </span>
     <span class='ocr_line' id='line_1_7' title="bbox 199 645 1002 723; baseline 0 -19"><span class='ocrx_word' id='word_1_39' title='bbox 199 646 295 722; x_wconf 86' lang='grc' dir='ltr'>τήριον</span> <span class='ocrx_word' id='word_1_40' title='bbox 313 647 524 722; x_wconf 84' lang='grc' dir='ltr'>φοβεομένοισι,</span> <span class='ocrx_word' id='word_1_41' title='bbox 542 645 586 703; x_wconf 86' lang='grc' dir='ltr'>ἵνα</span> <span class='ocrx_word' id='word_1_42' title='bbox 607 645 641 720; x_wconf 79' lang='grc' dir='ltr'>δὴ</span> <span class='ocrx_word' id='word_1_43' title='bbox 662 652 718 720; x_wconf 91' lang='grc' dir='ltr'>σφι</span> <span class='ocrx_word' id='word_1_44' title='bbox 740 649 766 704; x_wconf 85' lang='grc' dir='ltr'>οἶ</span> <span class='ocrx_word' id='word_1_45' title='bbox 787 646 882 708; x_wconf 88' lang='grc' dir='ltr'>παῖδες</span> <span class='ocrx_word' id='word_1_46' title='bbox 902 646 1002 723; x_wconf 89' lang='grc' dir='ltr'>α’νδρω-</span> 
     </span>
     <span class='ocr_line' id='line_1_8' title="bbox 201 733 1002 809; baseline 0.001 -17"><span class='ocrx_word' id='word_1_47' title='bbox 201 734 284 792; x_wconf 90' lang='grc' dir='ltr'>θέωσι</span> <span class='ocrx_word' id='word_1_48' title='bbox 313 738 342 792; x_wconf 87' lang='grc' dir='ltr'>έν</span> <span class='ocrx_word' id='word_1_49' title='bbox 367 733 493 792; x_wconf 79' lang='grc' dir='ltr'>τούτοισι</span> <span class='ocrx_word' id='word_1_50' title='bbox 519 735 595 792; x_wconf 90' lang='grc' dir='ltr'>τοῖσι</span> <span class='ocrx_word' id='word_1_51' title='bbox 622 733 705 792; x_wconf 77' lang='grc' dir='ltr'>ἔτεσι·</span> <span class='ocrx_word' id='word_1_52' title='bbox 738 733 778 809; x_wconf 86' lang='grc' dir='ltr'>μὴ</span> <span class='ocrx_word' id='word_1_53' title='bbox 805 733 834 792; x_wconf 83' lang='grc' dir='ltr'>δὲ</span> <span class='ocrx_word' id='word_1_54' title='bbox 861 733 1002 794; x_wconf 81' lang='grc' dir='ltr'>σπονδέων</span> 
     </span>
     <span class='ocr_line' id='line_1_9' title="bbox 199 818 1002 900; baseline 0.004 -22"><span class='ocrx_word' id='word_1_55' title='bbox 199 821 326 890; x_wconf 84' lang='grc' dir='ltr'>ἐουσέων,</span> <span class='ocrx_word' id='word_1_56' title='bbox 341 821 530 900; x_wconf 82' lang='grc' dir='ltr'>ἐπιλέγεσθαι,</span> <span class='ocrx_word' id='word_1_57' title='bbox 544 818 579 896; x_wconf 78' lang='grc' dir='ltr'>ἢν</span> <span class='ocrx_word' id='word_1_58' title='bbox 592 819 647 896; x_wconf 82' lang='grc' dir='ltr'>άρα</span> <span class='ocrx_word' id='word_1_59' title='bbox 664 822 756 896; x_wconf 87' lang='grc' dir='ltr'>σφέας</span> <span class='ocrx_word' id='word_1_60' title='bbox 770 821 920 898; x_wconf 76' lang='grc' dir='ltr'>καταλάβῃ</span> <span class='ocrx_word' id='word_1_61' title='bbox 933 821 1002 898; x_wconf 85' lang='grc' dir='ltr'>πρός</span> 
     </span>
     <span class='ocr_line' id='line_1_10' title="bbox 198 907 1002 988; baseline 0 -22"><span class='ocrx_word' id='word_1_62' title='bbox 198 913 236 985; x_wconf 78' lang='grc' dir='ltr'>τῷ</span> <span class='ocrx_word' id='word_1_63' title='bbox 249 907 376 988; x_wconf 84' lang='grc' dir='ltr'>γεγονότι</span> <span class='ocrx_word' id='word_1_64' title='bbox 393 913 466 987; x_wconf 77' lang='grc' dir='ltr'>κακῷ</span> <span class='ocrx_word' id='word_1_65' title='bbox 485 908 559 967; x_wconf 82' lang='grc' dir='ltr'>άλλο</span> <span class='ocrx_word' id='word_1_66' title='bbox 577 913 706 986; x_wconf 80' lang='grc' dir='ltr'>πταῖσμα</span> <span class='ocrx_word' id='word_1_67' title='bbox 724 907 794 984; x_wconf 83' lang='grc' dir='ltr'>πρός</span> <span class='ocrx_word' id='word_1_68' title='bbox 811 908 860 968; x_wconf 80' lang='grc' dir='ltr'>τόν</span> <span class='ocrx_word' id='word_1_69' title='bbox 877 911 1002 985; x_wconf 89' lang='grc' dir='ltr'>Πέρσην,</span> 
     </span>
     <span class='ocr_line' id='line_1_11' title="bbox 199 995 1003 1072; baseline 0 -16"><span class='ocrx_word' id='word_1_70' title='bbox 199 997 239 1071; x_wconf 86' lang='grc' dir='ltr'>μὴ</span> <span class='ocrx_word' id='word_1_71' title='bbox 257 995 290 1056; x_wconf 82' lang='grc' dir='ltr'>τό</span> <span class='ocrx_word' id='word_1_72' title='bbox 309 995 411 1056; x_wconf 82' lang='grc' dir='ltr'>λοιπόν</span> <span class='ocrx_word' id='word_1_73' title='bbox 430 997 496 1056; x_wconf 82' lang='grc' dir='ltr'>ἔωσι</span> <span class='ocrx_word' id='word_1_74' title='bbox 513 996 737 1072; x_wconf 88' lang='grc' dir='ltr'>Λακεδαιμονίων</span> <span class='ocrx_word' id='word_1_75' title='bbox 753 995 881 1072; x_wconf 76' lang='grc' dir='ltr'>ὑπήκοοι·</span> <span class='ocrx_word' id='word_1_76' title='bbox 902 997 1003 1056; x_wconf 81' lang='grc' dir='ltr'>τῶνδὲ</span> 
     </span>
     <span class='ocr_line' id='line_1_12' title="bbox 199 1083 1002 1164; baseline 0.002 -24"><span class='ocrx_word' id='word_1_77' title='bbox 199 1083 326 1164; x_wconf 76' lang='grc' dir='ltr'>ἀγγέλων</span> <span class='ocrx_word' id='word_1_78' title='bbox 339 1083 403 1146; x_wconf 76' lang='grc' dir='ltr'>τούς</span> <span class='ocrx_word' id='word_1_79' title='bbox 420 1083 476 1144; x_wconf 84' lang='grc' dir='ltr'>άπό</span> <span class='ocrx_word' id='word_1_80' title='bbox 489 1089 540 1160; x_wconf 79' lang='grc' dir='ltr'>τῆς</span> <span class='ocrx_word' id='word_1_81' title='bbox 557 1084 687 1160; x_wconf 79' lang='grc' dir='ltr'>Σπάρτης</span> <span class='ocrx_word' id='word_1_82' title='bbox 701 1084 770 1161; x_wconf 75' lang='grc' dir='ltr'>πρὸς</span> <span class='ocrx_word' id='word_1_83' title='bbox 786 1084 821 1143; x_wconf 78' lang='grc' dir='ltr'>τά</span> <span class='ocrx_word' id='word_1_84' title='bbox 837 1084 956 1160; x_wconf 84' lang='grc' dir='ltr'>ῥηθέντα</span> <span class='ocrx_word' id='word_1_85' title='bbox 972 1091 1002 1144; x_wconf 79' lang='grc' dir='ltr'>ἐκ</span> 
     </span>
     <span class='ocr_line' id='line_1_13' title="bbox 200 1171 1003 1250; baseline -0.004 -16"><span class='ocrx_word' id='word_1_86' title='bbox 200 1176 249 1247; x_wconf 79' lang='grc' dir='ltr'>τῆς</span> <span class='ocrx_word' id='word_1_87' title='bbox 266 1173 377 1248; x_wconf 81' lang='grc' dir='ltr'>βουλῆς</span> <span class='ocrx_word' id='word_1_88' title='bbox 394 1171 569 1250; x_wconf 83' lang='grc' dir='ltr'>άμείψασθαι</span> <span class='ocrx_word' id='word_1_89' title='bbox 584 1172 689 1231; x_wconf 88' lang='grc' dir='ltr'>τοῖσδε·</span> <span class='ocrx_word' id='word_1_90' title='bbox 711 1173 774 1248; x_wconf 81' lang='grc' dir='ltr'>περὶ</span> <span class='ocrx_word' id='word_1_91' title='bbox 792 1174 843 1248; x_wconf 76' lang='grc' dir='ltr'>μὲν</span> <span class='ocrx_word' id='word_1_92' title='bbox 862 1173 1003 1232; x_wconf 86' lang='grc' dir='ltr'>σπονδέων</span> 
     </span>
     <span class='ocr_line' id='line_1_14' title="bbox 201 1259 1001 1340; baseline -0.001 -21"><span class='ocrx_word' id='word_1_93' title='bbox 201 1260 324 1320; x_wconf 78' lang='grc' dir='ltr'>ἀνοίσειν</span> <span class='ocrx_word' id='word_1_94' title='bbox 338 1265 366 1323; x_wconf 83' lang='grc' dir='ltr'>ές</span> <span class='ocrx_word' id='word_1_95' title='bbox 381 1261 445 1323; x_wconf 83' lang='grc' dir='ltr'>τούς</span> <span class='ocrx_word' id='word_1_96' title='bbox 458 1264 588 1322; x_wconf 77' lang='grc' dir='ltr'>πλεῦνας·</span> <span class='ocrx_word' id='word_1_97' title='bbox 610 1260 673 1336; x_wconf 84' lang='grc' dir='ltr'>περὶ</span> <span class='ocrx_word' id='word_1_98' title='bbox 688 1260 717 1318; x_wconf 83' lang='grc' dir='ltr'>δὲ</span> <span class='ocrx_word' id='word_1_99' title='bbox 730 1259 879 1340; x_wconf 73' lang='grc' dir='ltr'>ἡγεμονίης</span> <span class='ocrx_word' id='word_1_100' title='bbox 893 1259 1001 1318; x_wconf 74' lang='grc' dir='ltr'>αὑτοῖσι</span> 
     </span>
     <span class='ocr_line' id='line_1_15' title="bbox 200 1347 1003 1428; baseline 0 -22"><span class='ocrx_word' id='word_1_101' title='bbox 200 1348 362 1408; x_wconf 80' lang='grc' dir='ltr'>ἐντετάλθαι</span> <span class='ocrx_word' id='word_1_102' title='bbox 385 1347 596 1424; x_wconf 78' lang='grc' dir='ltr'>ὖποκρίνασθαι,</span> <span class='ocrx_word' id='word_1_103' title='bbox 622 1348 668 1405; x_wconf 89' lang='grc' dir='ltr'>καὶ</span> <span class='ocrx_word' id='word_1_104' title='bbox 692 1347 726 1422; x_wconf 87' lang='grc' dir='ltr'>δὴ</span> <span class='ocrx_word' id='word_1_105' title='bbox 753 1348 854 1428; x_wconf 88' lang='grc' dir='ltr'>λέγειν,</span> <span class='ocrx_word' id='word_1_106' title='bbox 876 1348 932 1422; x_wconf 85' lang='grc' dir='ltr'>σφὶ</span> <span class='ocrx_word' id='word_1_107' title='bbox 951 1349 1003 1424; x_wconf 80' lang='grc' dir='ltr'>μὲν</span> 
     </span>
     <span class='ocr_line' id='line_1_16' title="bbox 201 1434 1003 1515; baseline 0.002 -21"><span class='ocrx_word' id='word_1_108' title='bbox 201 1436 269 1495; x_wconf 83' lang='grc' dir='ltr'>εἶναι</span> <span class='ocrx_word' id='word_1_109' title='bbox 283 1435 331 1494; x_wconf 79' lang='grc' dir='ltr'>δύο</span> <span class='ocrx_word' id='word_1_110' title='bbox 345 1436 494 1511; x_wconf 87' lang='grc' dir='ltr'>βασιλέας,</span> <span class='ocrx_word' id='word_1_111' title='bbox 505 1435 659 1515; x_wconf 84' lang='grc' dir='ltr'>’λργείοισι</span> <span class='ocrx_word' id='word_1_112' title='bbox 673 1435 703 1493; x_wconf 75' lang='grc' dir='ltr'>δέ</span> <span class='ocrx_word' id='word_1_113' title='bbox 717 1435 772 1494; x_wconf 78' lang='grc' dir='ltr'>ἕνα·</span> <span class='ocrx_word' id='word_1_114' title='bbox 792 1434 878 1494; x_wconf 78' lang='grc' dir='ltr'>οὔκων</span> <span class='ocrx_word' id='word_1_115' title='bbox 889 1435 1003 1496; x_wconf 80' lang='grc' dir='ltr'>δυνατόν</span> 
     </span>
     <span class='ocr_line' id='line_1_17' title="bbox 201 1521 1002 1602; baseline 0.001 -22"><span class='ocrx_word' id='word_1_116' title='bbox 201 1524 270 1582; x_wconf 87' lang='grc' dir='ltr'>εἶναι</span> <span class='ocrx_word' id='word_1_117' title='bbox 287 1527 342 1582; x_wconf 84' lang='grc' dir='ltr'>τοῖν</span> <span class='ocrx_word' id='word_1_118' title='bbox 358 1527 387 1580; x_wconf 85' lang='grc' dir='ltr'>έκ</span> <span class='ocrx_word' id='word_1_119' title='bbox 407 1521 537 1599; x_wconf 77' lang='grc' dir='ltr'>Σπάρτης</span> <span class='ocrx_word' id='word_1_120' title='bbox 554 1521 697 1599; x_wconf 74' lang='grc' dir='ltr'>οὐδέτερον</span> <span class='ocrx_word' id='word_1_121' title='bbox 711 1527 819 1582; x_wconf 78' lang='grc' dir='ltr'>παῦσαι</span> <span class='ocrx_word' id='word_1_122' title='bbox 835 1526 885 1596; x_wconf 79' lang='grc' dir='ltr'>τῆς</span> <span class='ocrx_word' id='word_1_123' title='bbox 900 1521 1002 1602; x_wconf 86' lang='grc' dir='ltr'>ἡγεμο-</span> 
     </span>
     <span class='ocr_line' id='line_1_18' title="bbox 200 1608 1003 1687; baseline -0.002 -17"><span class='ocrx_word' id='word_1_124' title='bbox 200 1612 268 1686; x_wconf 86' lang='grc' dir='ltr'>νίης·</span> <span class='ocrx_word' id='word_1_125' title='bbox 289 1610 360 1686; x_wconf 75' lang='grc' dir='ltr'>μετὰ</span> <span class='ocrx_word' id='word_1_126' title='bbox 374 1610 403 1668; x_wconf 80' lang='grc' dir='ltr'>δὲ</span> <span class='ocrx_word' id='word_1_127' title='bbox 420 1610 470 1668; x_wconf 83' lang='grc' dir='ltr'>δύο</span> <span class='ocrx_word' id='word_1_128' title='bbox 483 1615 537 1669; x_wconf 85' lang='grc' dir='ltr'>τῶν</span> <span class='ocrx_word' id='word_1_129' title='bbox 551 1610 695 1686; x_wconf 90' lang='grc' dir='ltr'>σφετέρων</span> <span class='ocrx_word' id='word_1_130' title='bbox 708 1609 861 1687; x_wconf 81' lang='grc' dir='ltr'>ὁμόψηφον</span> <span class='ocrx_word' id='word_1_131' title='bbox 878 1609 927 1669; x_wconf 83' lang='grc' dir='ltr'>τόν</span> <span class='ocrx_word' id='word_1_132' title='bbox 940 1608 1003 1686; x_wconf 86' lang='grc' dir='ltr'>Ἀρ·</span> 
     </span>
     <span class='ocr_line' id='line_1_19' title="bbox 199 1695 1003 1779; baseline 0 -22"><span class='ocrx_word' id='word_1_133' title='bbox 199 1702 276 1779; x_wconf 87' lang='grc' dir='ltr'>γεῖον</span> <span class='ocrx_word' id='word_1_134' title='bbox 290 1697 358 1757; x_wconf 85' lang='grc' dir='ltr'>εἶναι</span> <span class='ocrx_word' id='word_1_135' title='bbox 373 1696 487 1757; x_wconf 80' lang='grc' dir='ltr'>κωλύειν</span> <span class='ocrx_word' id='word_1_136' title='bbox 501 1696 588 1756; x_wconf 77' lang='grc' dir='ltr'>οὐδέν.</span> <span class='ocrx_word' id='word_1_137' title='bbox 621 1697 691 1756; x_wconf 79' lang='grc' dir='ltr'>οὕτω</span> <span class='ocrx_word' id='word_1_138' title='bbox 721 1697 738 1772; x_wconf 86' lang='grc' dir='ltr'>ἡ</span> <span class='ocrx_word' id='word_1_139' title='bbox 753 1699 780 1756; x_wconf 82' lang='grc' dir='ltr'>οἱ</span> <span class='ocrx_word' id='word_1_140' title='bbox 792 1695 917 1778; x_wconf 86' lang='grc' dir='ltr'>Ἀργεῖοί</span> <span class='ocrx_word' id='word_1_141' title='bbox 929 1703 1003 1772; x_wconf 89' lang='grc' dir='ltr'>φασι</span> 
     </span>
     <span class='ocr_line' id='line_1_20' title="bbox 201 1783 1002 1876; baseline -0.002 -32"><span class='ocrx_word' id='word_1_142' title='bbox 201 1785 251 1844; x_wconf 81' lang='grc' dir='ltr'>οὐκ</span> <span class='ocrx_word' id='word_1_143' title='bbox 271 1785 448 1876; x_wconf 71' lang='grc' dir='ltr'>άνησχέσθαι</span> <span class='ocrx_word' id='word_1_144' title='bbox 468 1788 523 1844; x_wconf 82' lang='grc' dir='ltr'>τοῖν</span> <span class='ocrx_word' id='word_1_145' title='bbox 543 1785 738 1862; x_wconf 79' lang='grc' dir='ltr'>Σπαρτιητέων</span> <span class='ocrx_word' id='word_1_146' title='bbox 758 1783 810 1860; x_wconf 87' lang='grc' dir='ltr'>τὴν</span> <span class='ocrx_word' id='word_1_147' title='bbox 830 1785 1002 1860; x_wconf 70' lang='grc' dir='ltr'>πλεονεξίην,</span> 
     </span>
     <span class='ocr_line' id='line_1_21' title="bbox 200 1871 1003 1950; baseline -0.002 -18"><span class='ocrx_word' id='word_1_148' title='bbox 200 1873 265 1932; x_wconf 77' lang='grc' dir='ltr'>ἀλλ’</span> <span class='ocrx_word' id='word_1_149' title='bbox 286 1873 401 1933; x_wconf 81' lang='grc' dir='ltr'>ἑλέσθαι</span> <span class='ocrx_word' id='word_1_150' title='bbox 416 1876 530 1948; x_wconf 77' lang='grc' dir='ltr'>μᾶλλον</span> <span class='ocrx_word' id='word_1_151' title='bbox 547 1873 601 1932; x_wconf 73' lang='grc' dir='ltr'>ὑπό</span> <span class='ocrx_word' id='word_1_152' title='bbox 620 1877 675 1932; x_wconf 82' lang='grc' dir='ltr'>τῶν</span> <span class='ocrx_word' id='word_1_153' title='bbox 692 1872 848 1950; x_wconf 83' lang='grc' dir='ltr'>βαρβάρων</span> <span class='ocrx_word' id='word_1_154' title='bbox 865 1871 1003 1949; x_wconf 78' lang='grc' dir='ltr'>ἄρχεσθαι</span> 
     </span>
     <span class='ocr_line' id='line_1_22' title="bbox 202 1959 1002 2038; baseline -0.004 -18"><span class='ocrx_word' id='word_1_155' title='bbox 202 1959 221 2036; x_wconf 84' lang='grc' dir='ltr'><strong><em>ἧ</em></strong></span> <span class='ocrx_word' id='word_1_156' title='bbox 234 1987 261 2020; x_wconf 94' lang='grc' dir='ltr'>τι</span> <span class='ocrx_word' id='word_1_157' title='bbox 274 1960 384 2031; x_wconf 77' lang='grc' dir='ltr'>ιῖπεῖξαι</span> <span class='ocrx_word' id='word_1_158' title='bbox 397 1961 653 2038; x_wconf 89' lang='grc' dir='ltr'>λακεδαιμονίοισι·</span> <span class='ocrx_word' id='word_1_159' title='bbox 667 1964 810 2037; x_wconf 82' lang='grc' dir='ltr'>προειπεῖν</span> <span class='ocrx_word' id='word_1_160' title='bbox 823 1987 854 2020; x_wconf 94' lang='grc' dir='ltr'>τε</span> <span class='ocrx_word' id='word_1_161' title='bbox 866 1963 942 2019; x_wconf 85' lang='grc' dir='ltr'>τοῖσι</span> <span class='ocrx_word' id='word_1_162' title='bbox 953 1959 1002 2036; x_wconf 78' lang='grc' dir='ltr'>ἀγ-</span> 
     </span>
     <span class='ocr_line' id='line_1_23' title="bbox 199 2048 1003 2131; baseline 0.001 -23"><span class='ocrx_word' id='word_1_163' title='bbox 199 2050 312 2131; x_wconf 91' lang='grc' dir='ltr'>γέλοισι</span> <span class='ocrx_word' id='word_1_164' title='bbox 333 2049 388 2126; x_wconf 79' lang='grc' dir='ltr'>πρὸ</span> <span class='ocrx_word' id='word_1_165' title='bbox 412 2049 508 2112; x_wconf 78' lang='grc' dir='ltr'>δύντος</span> <span class='ocrx_word' id='word_1_166' title='bbox 531 2049 614 2124; x_wconf 86' lang='grc' dir='ltr'>ἡλίου</span> <span class='ocrx_word' id='word_1_167' title='bbox 635 2048 879 2108; x_wconf 77' lang='grc' dir='ltr'>ἀπαλλάσσεσθαι</span> <span class='ocrx_word' id='word_1_168' title='bbox 901 2052 930 2106; x_wconf 80' lang='grc' dir='ltr'>ἐκ</span> <span class='ocrx_word' id='word_1_169' title='bbox 953 2053 1003 2122; x_wconf 78' lang='grc' dir='ltr'>τῆς</span> 
     </span>
     <span class='ocr_line' id='line_1_24' title="bbox 201 2135 1002 2220; baseline -0.006 -22"><span class='ocrx_word' id='word_1_170' title='bbox 201 2138 334 2220; x_wconf 85' lang='grc' dir='ltr'>Ἀργείων</span> <span class='ocrx_word' id='word_1_171' title='bbox 343 2136 444 2217; x_wconf 76' lang='grc' dir='ltr'>χώρης·</span> <span class='ocrx_word' id='word_1_172' title='bbox 463 2137 526 2196; x_wconf 81' lang='grc' dir='ltr'>εἰδὲ</span> <span class='ocrx_word' id='word_1_173' title='bbox 539 2137 588 2213; x_wconf 86' lang='grc' dir='ltr'>μὴ,</span> <span class='ocrx_word' id='word_1_174' title='bbox 600 2137 784 2214; x_wconf 81' lang='grc' dir='ltr'>περιέψεσθαι</span> <span class='ocrx_word' id='word_1_175' title='bbox 796 2135 831 2198; x_wconf 79' lang='grc' dir='ltr'>ὥς</span> <span class='ocrx_word' id='word_1_176' title='bbox 840 2137 1002 2211; x_wconf 85' lang='grc' dir='ltr'>πολεμίους.</span> 
     </span>
     <span class='ocr_line' id='line_1_25' title="bbox 156 2223 1002 2305; baseline -0.005 -19"><span class='ocrx_word' id='word_1_177' title='bbox 156 2229 212 2286; x_wconf 78' lang='grc'>150</span> <span class='ocrx_word' id='word_1_178' title='bbox 242 2225 329 2286; x_wconf 73' lang='grc' dir='ltr'>Αὐτοὶ</span> <span class='ocrx_word' id='word_1_179' title='bbox 341 2229 393 2302; x_wconf 81' lang='grc' dir='ltr'>μὲν</span> <span class='ocrx_word' id='word_1_180' title='bbox 405 2225 528 2305; x_wconf 87' lang='grc' dir='ltr'>Ἀργεῖοι</span> <span class='ocrx_word' id='word_1_181' title='bbox 541 2228 667 2284; x_wconf 82' lang='grc' dir='ltr'>τοσαῦτα</span> <span class='ocrx_word' id='word_1_182' title='bbox 679 2223 783 2283; x_wconf 83' lang='grc' dir='ltr'>τούτων</span> <span class='ocrx_word' id='word_1_183' title='bbox 796 2225 860 2300; x_wconf 89' lang='grc' dir='ltr'>πέρι</span> <span class='ocrx_word' id='word_1_184' title='bbox 874 2224 1002 2304; x_wconf 88' lang='grc' dir='ltr'>λέγουσι.</span> 
     </span>
     <span class='ocr_line' id='line_1_26' title="bbox 201 2311 1002 2393; baseline -0.006 -19"><span class='ocrx_word' id='word_1_185' title='bbox 201 2317 262 2374; x_wconf 81' lang='grc' dir='ltr'>ἔστι</span> <span class='ocrx_word' id='word_1_186' title='bbox 282 2315 312 2373; x_wconf 82' lang='grc' dir='ltr'>δὲ</span> <span class='ocrx_word' id='word_1_187' title='bbox 332 2313 421 2376; x_wconf 78' lang='grc' dir='ltr'>ἄλλος</span> <span class='ocrx_word' id='word_1_188' title='bbox 441 2312 527 2393; x_wconf 85' lang='grc' dir='ltr'>λόγος</span> <span class='ocrx_word' id='word_1_189' title='bbox 547 2312 698 2393; x_wconf 87' lang='grc' dir='ltr'>λεγόμενος</span> <span class='ocrx_word' id='word_1_190' title='bbox 718 2311 771 2371; x_wconf 81' lang='grc' dir='ltr'>άνά</span> <span class='ocrx_word' id='word_1_191' title='bbox 792 2312 844 2387; x_wconf 87' lang='grc' dir='ltr'>τὴν</span> <span class='ocrx_word' id='word_1_192' title='bbox 867 2311 1002 2380; x_wconf 87' lang='grc' dir='ltr'>Ἑλλάδα,</span> 
     </span>
     <span class='ocr_line' id='line_1_27' title="bbox 202 2397 1003 2480; baseline -0.006 -19"><span class='ocrx_word' id='word_1_193' title='bbox 202 2403 238 2466; x_wconf 75' lang='grc' dir='ltr'>οῖς</span> <span class='ocrx_word' id='word_1_194' title='bbox 251 2403 355 2479; x_wconf 79' lang='grc' dir='ltr'>Ξέρξης</span> <span class='ocrx_word' id='word_1_195' title='bbox 370 2402 476 2477; x_wconf 86' lang='grc' dir='ltr'>ἔπεμψε</span> <span class='ocrx_word' id='word_1_196' title='bbox 493 2399 598 2476; x_wconf 86' lang='grc' dir='ltr'>κήρυκα</span> <span class='ocrx_word' id='word_1_197' title='bbox 612 2405 639 2462; x_wconf 85' lang='grc' dir='ltr'>ές</span> <span class='ocrx_word' id='word_1_198' title='bbox 651 2399 757 2480; x_wconf 64' lang='grc' dir='ltr'>Ἀργος</span> <span class='ocrx_word' id='word_1_199' title='bbox 770 2399 906 2477; x_wconf 89' lang='grc' dir='ltr'>πρότερον</span> <span class='ocrx_word' id='word_1_200' title='bbox 919 2397 937 2475; x_wconf 85' lang='grc' dir='ltr'><em>ἦ</em></span> <span class='ocrx_word' id='word_1_201' title='bbox 951 2425 1003 2475; x_wconf 89' lang='grc' dir='ltr'>περ</span> 
     </span>
     <span class='ocr_line' id='line_1_28' title="bbox 201 2486 1004 2566; baseline -0.005 -18"><span class='ocrx_word' id='word_1_202' title='bbox 201 2489 327 2566; x_wconf 80' lang='grc' dir='ltr'>ὁρμῆσαι</span> <span class='ocrx_word' id='word_1_203' title='bbox 351 2486 554 2563; x_wconf 79' lang='grc' dir='ltr'>στρατεύεσθαι</span> <span class='ocrx_word' id='word_1_204' title='bbox 578 2488 623 2546; x_wconf 80' lang='grc' dir='ltr'>ε’πὶ</span> <span class='ocrx_word' id='word_1_205' title='bbox 647 2487 699 2564; x_wconf 88' lang='grc' dir='ltr'>τὴν</span> <span class='ocrx_word' id='word_1_206' title='bbox 721 2487 857 2546; x_wconf 83' lang='grc' dir='ltr'>Ἑλλάδα·</span> <span class='ocrx_word' id='word_1_207' title='bbox 886 2486 1004 2546; x_wconf 81' lang='grc' dir='ltr'>ἐλθόντα</span> 
     </span>
     <span class='ocr_line' id='line_1_29' title="bbox 202 2574 1004 2656; baseline -0.006 -20"><span class='ocrx_word' id='word_1_208' title='bbox 202 2578 231 2636; x_wconf 83' lang='grc' dir='ltr'>δὲ</span> <span class='ocrx_word' id='word_1_209' title='bbox 244 2581 343 2636; x_wconf 84' lang='grc' dir='ltr'>τοῦτον</span> <span class='ocrx_word' id='word_1_210' title='bbox 353 2576 465 2656; x_wconf 87' lang='grc' dir='ltr'>λέγεται</span> <span class='ocrx_word' id='word_1_211' title='bbox 480 2579 573 2636; x_wconf 80' lang='grc' dir='ltr'>εἰπεῖν·</span> <span class='ocrx_word' id='word_1_212' title='bbox 592 2575 710 2652; x_wconf 83' lang='grc' dir='ltr'>“όνδρες</span> <span class='ocrx_word' id='word_1_213' title='bbox 723 2575 853 2654; x_wconf 87' lang='grc' dir='ltr'>Ἀργεῖοι,</span> <span class='ocrx_word' id='word_1_214' title='bbox 864 2574 1004 2649; x_wconf 75' lang='grc' dir='ltr'>βασιλεῦς</span> 
     </span>
     <span class='ocr_line' id='line_1_30' title="bbox 201 2661 1004 2744; baseline -0.004 -21"><span class='ocrx_word' id='word_1_215' title='bbox 201 2665 306 2740; x_wconf 82' lang='grc' dir='ltr'>Ξέρξης</span> <span class='ocrx_word' id='word_1_216' title='bbox 329 2663 395 2723; x_wconf 86' lang='grc' dir='ltr'>τάδε</span> <span class='ocrx_word' id='word_1_217' title='bbox 415 2661 481 2740; x_wconf 73' lang='grc' dir='ltr'>ὑμῖν</span> <span class='ocrx_word' id='word_1_218' title='bbox 501 2663 587 2744; x_wconf 88' lang='grc' dir='ltr'>λέγει·</span> <span class='ocrx_word' id='word_1_219' title='bbox 615 2663 695 2740; x_wconf 81' lang='grc' dir='ltr'>ἡμεῖς</span> <span class='ocrx_word' id='word_1_220' title='bbox 719 2662 866 2738; x_wconf 88' lang='grc' dir='ltr'>νομίζομεν</span> <span class='ocrx_word' id='word_1_221' title='bbox 888 2661 1004 2737; x_wconf 85' lang='grc' dir='ltr'>Πέρσην</span> 
     </span>
     <span class='ocr_line' id='line_1_31' title="bbox 202 2749 1004 2832; baseline -0.002 -21"><span class='ocrx_word' id='word_1_222' title='bbox 202 2752 279 2822; x_wconf 86' lang='grc' dir='ltr'>εἶναι,</span> <span class='ocrx_word' id='word_1_223' title='bbox 297 2749 344 2811; x_wconf 72' lang='grc' dir='ltr'>ἀπ’</span> <span class='ocrx_word' id='word_1_224' title='bbox 361 2749 393 2811; x_wconf 84' lang='grc' dir='ltr'>οὗ</span> <span class='ocrx_word' id='word_1_225' title='bbox 414 2751 494 2828; x_wconf 84' lang='grc' dir='ltr'>ἡμεῖς</span> <span class='ocrx_word' id='word_1_226' title='bbox 514 2751 677 2832; x_wconf 88' lang='grc' dir='ltr'>γεγόναμεν,</span> <span class='ocrx_word' id='word_1_227' title='bbox 698 2751 784 2808; x_wconf 84' lang='grc' dir='ltr'>παῖδα</span> <span class='ocrx_word' id='word_1_228' title='bbox 807 2749 934 2826; x_wconf 83' lang='grc' dir='ltr'>Περσέος</span> <span class='ocrx_word' id='word_1_229' title='bbox 954 2757 1004 2809; x_wconf 77' lang='grc' dir='ltr'>τοῦ</span> 
     </span>
     <span class='ocr_line' id='line_1_32' title="bbox 202 2836 1003 2922; baseline -0.006 -22"><span class='ocrx_word' id='word_1_230' title='bbox 202 2839 322 2916; x_wconf 87' lang='grc' dir='ltr'>Δανάης,</span> <span class='ocrx_word' id='word_1_231' title='bbox 338 2839 474 2922; x_wconf 90' lang='grc' dir='ltr'>γεγονότα</span> <span class='ocrx_word' id='word_1_232' title='bbox 494 2843 523 2898; x_wconf 82' lang='grc' dir='ltr'>ἔκ</span> <span class='ocrx_word' id='word_1_233' title='bbox 540 2843 590 2915; x_wconf 80' lang='grc' dir='ltr'>τῆς</span> <span class='ocrx_word' id='word_1_234' title='bbox 606 2839 722 2914; x_wconf 87' lang='grc' dir='ltr'>Κηφέος</span> <span class='ocrx_word' id='word_1_235' title='bbox 739 2837 875 2918; x_wconf 83' lang='grc' dir='ltr'>θυγατρός</span> <span class='ocrx_word' id='word_1_236' title='bbox 892 2836 1003 2914; x_wconf 86' lang='grc' dir='ltr'>Ἀνδρο-</span> 
     </span>
     <span class='ocr_line' id='line_1_33' title="bbox 200 2923 1004 3006; baseline -0.007 -18"><span class='ocrx_word' id='word_1_237' title='bbox 200 2929 294 3005; x_wconf 91' lang='grc' dir='ltr'>μέδης·</span> <span class='ocrx_word' id='word_1_238' title='bbox 316 2927 387 2988; x_wconf 82' lang='grc' dir='ltr'>οὕτω</span> <span class='ocrx_word' id='word_1_239' title='bbox 404 2924 438 2986; x_wconf 81' lang='grc' dir='ltr'>ἂν</span> <span class='ocrx_word' id='word_1_240' title='bbox 456 2926 492 2987; x_wconf 82' lang='grc' dir='ltr'>ὧν</span> <span class='ocrx_word' id='word_1_241' title='bbox 513 2927 606 3002; x_wconf 82' lang='grc' dir='ltr'>εἴημεν</span> <span class='ocrx_word' id='word_1_242' title='bbox 626 2926 754 3003; x_wconf 76' lang='grc' dir='ltr'>ὑμέτεροι</span> <span class='ocrx_word' id='word_1_243' title='bbox 774 2925 919 3006; x_wconf 87' lang='grc' dir='ltr'>α’πόγονοι·</span> <span class='ocrx_word' id='word_1_244' title='bbox 941 2923 1004 2984; x_wconf 79' lang='grc' dir='ltr'>οὔτε</span> 
     </span>
     <span class='ocr_line' id='line_1_34' title="bbox 201 3013 1004 3094; baseline -0.006 -19"><span class='ocrx_word' id='word_1_245' title='bbox 201 3015 239 3076; x_wconf 82' lang='grc' dir='ltr'>ὧν</span> <span class='ocrx_word' id='word_1_246' title='bbox 258 3015 346 3093; x_wconf 85' lang='grc' dir='ltr'>ἡμέας</span> <span class='ocrx_word' id='word_1_247' title='bbox 370 3015 444 3077; x_wconf 79' lang='grc' dir='ltr'>οἶκός</span> <span class='ocrx_word' id='word_1_248' title='bbox 466 3014 512 3073; x_wconf 80' lang='grc' dir='ltr'>ἐπὶ</span> <span class='ocrx_word' id='word_1_249' title='bbox 532 3014 597 3076; x_wconf 70' lang='grc' dir='ltr'>τούς</span> <span class='ocrx_word' id='word_1_250' title='bbox 617 3013 768 3090; x_wconf 82' lang='grc' dir='ltr'>ἡμετέρους</span> <span class='ocrx_word' id='word_1_251' title='bbox 787 3013 942 3094; x_wconf 90' lang='grc' dir='ltr'>προγόνους</span> <span class='ocrx_word' id='word_1_252' title='bbox 963 3017 1004 3071; x_wconf 84' lang='grc' dir='ltr'>ε’κ-</span> 
     </span>
     <span class='ocr_line' id='line_1_35' title="bbox 201 3099 1004 3182; baseline -0.007 -18"><span class='ocrx_word' id='word_1_253' title='bbox 201 3103 412 3182; x_wconf 81' lang='grc' dir='ltr'>στρατεύεσθαι,</span> <span class='ocrx_word' id='word_1_254' title='bbox 427 3099 490 3160; x_wconf 82' lang='grc' dir='ltr'>οὔτε</span> <span class='ocrx_word' id='word_1_255' title='bbox 505 3099 591 3176; x_wconf 76' lang='grc' dir='ltr'>ὖμέας</span> <span class='ocrx_word' id='word_1_256' title='bbox 607 3099 725 3160; x_wconf 74' lang='grc' dir='ltr'>ἄλλοισι</span> <span class='ocrx_word' id='word_1_257' title='bbox 740 3102 924 3179; x_wconf 91' lang='grc' dir='ltr'>τιμωρέοντας</span> <span class='ocrx_word' id='word_1_258' title='bbox 937 3099 1004 3176; x_wconf 87' lang='grc' dir='ltr'>ἡμῖν</span> 
     </span>
     <span class='ocr_line' id='line_1_36' title="bbox 201 3187 1004 3270; baseline -0.009 -18"><span class='ocrx_word' id='word_1_259' title='bbox 201 3190 343 3261; x_wconf 76' lang='grc' dir='ltr'>ἀντιξόους</span> <span class='ocrx_word' id='word_1_260' title='bbox 356 3189 496 3270; x_wconf 88' lang='grc' dir='ltr'>γενέσθαι,</span> <span class='ocrx_word' id='word_1_261' title='bbox 511 3187 588 3247; x_wconf 80' lang='grc' dir='ltr'>α’λλοῖ</span> <span class='ocrx_word' id='word_1_262' title='bbox 601 3187 666 3265; x_wconf 79' lang='grc' dir='ltr'>παρ’</span> <span class='ocrx_word' id='word_1_263' title='bbox 680 3187 745 3264; x_wconf 77' lang='grc' dir='ltr'>ὑμῖν</span> <span class='ocrx_word' id='word_1_264' title='bbox 759 3188 870 3248; x_wconf 75' lang='grc' dir='ltr'>αὐτοῖσι</span> <span class='ocrx_word' id='word_1_265' title='bbox 883 3187 1004 3265; x_wconf 90' lang='grc' dir='ltr'>ἡσυχίην</span> 
     </span>
     <span class='ocr_line' id='line_1_37' title="bbox 203 3274 1003 3358; baseline -0.009 -19"><span class='ocrx_word' id='word_1_266' title='bbox 203 3281 317 3358; x_wconf 80' lang='grc' dir='ltr'>ἔχοντας</span> <span class='ocrx_word' id='word_1_267' title='bbox 336 3277 483 3351; x_wconf 81' lang='grc' dir='ltr'>κατῆσθαι·</span> <span class='ocrx_word' id='word_1_268' title='bbox 505 3274 539 3349; x_wconf 80' lang='grc' dir='ltr'>ἢν</span> <span class='ocrx_word' id='word_1_269' title='bbox 556 3275 611 3356; x_wconf 86' lang='grc' dir='ltr'>γοὶρ</span> <span class='ocrx_word' id='word_1_270' title='bbox 628 3277 691 3348; x_wconf 75' lang='grc' dir='ltr'>ἐμοὶ</span> <span class='ocrx_word' id='word_1_271' title='bbox 708 3277 821 3356; x_wconf 82' lang='grc' dir='ltr'>γένηται</span> <span class='ocrx_word' id='word_1_272' title='bbox 843 3275 912 3333; x_wconf 72' lang='grc' dir='ltr'>κατὰ</span> <span class='ocrx_word' id='word_1_273' title='bbox 930 3274 1003 3342; x_wconf 72' lang='grc' dir='ltr'>νόον,</span> 
     </span>
    </p>
   </div>
   <div class='ocr_carea' id='block_1_2' title="bbox 0 0 1146 3538">
    <p class='ocr_par' dir='ltr' id='par_1_2' title="bbox 0 0 1146 3538">
     <span class='ocr_line' id='line_1_38' title="bbox 0 0 1146 3538; baseline 0 0"><span class='ocrx_word' id='word_1_274' title='bbox 0 0 1146 3538; x_wconf 95' lang='lat' dir='ltr'> </span> 
     </span>
    </p>
   </div>
  </div>
 </body>
</html>
