2278 3538
178 188 318 254 ιιι-ιιι]
488 189 673 238 nomm.
930 189 974 234 ιω

176 270 311 329 καυθέντα
337 269 538 346 οἶφανισθῆναι.
582 269 766 345 ἀφανισθέντι
792 268 821 327 δέ
853 266 977 344 Ἀμίλκᾳ

174 357 267 436 τρόπῳ
288 359 341 417 εἴτε
357 356 472 436 τοιοότῳ
491 357 526 420 ὦς
542 358 665 419 Φοίνικες
681 357 806 437 λέγουσι,
823 355 877 414 εἴτε
894 355 976 434 ἑτέρῳ

174 444 209 508 ὦς
230 448 422 522 Συρηκούσιοι,
437 443 626 523 Καρχηδόνιοι
646 449 728 504 τοῦτο
748 443 800 520 μέν
820 447 847 502 οἱ
867 442 974 510 θύουσι,

172 537 255 592 τοῦτο
273 534 302 591 δὲ
319 533 451 609 μνήματα
470 534 605 608 ἐποίησαν
621 537 650 592 έν
666 531 777 610 πάσῃσι
792 535 859 609 τῇσι
875 530 975 588 πόλισι

173 625 227 680 τῶν
241 621 396 690 ἀποικίδων,
411 627 440 680 ἐν
453 619 523 699 αὐτῇ
536 645 567 680 τε
579 621 715 702 μέγιστον
728 619 898 697 Καρχηδόνι.
939 617 975 676 τὰ

175 712 225 785 μὲν
238 709 293 767 α’πό
309 710 437 784 Σικελίης
450 714 584 768 τοσαῦτα.

208 801 375 874 Κερκυραῖοι
386 795 414 854 δὲ
424 796 490 855 τάδε
497 795 709 874 ὖποκρινόμενοι
719 799 796 856 τοῖσι
806 794 954 875 ἀγγέλοισι
965 797 1021 852 168

173 884 266 943 τοιάδε
285 886 429 960 ε’ποίησαν·
451 886 496 942 καὶ
512 884 567 965 γᾶρ
584 884 697 946 τούτους
705 882 932 960 ’παρελάμβανον
948 886 974 941 οἱ

175 972 253 1031 αὐτοὶ
270 975 350 1050 οἷπερ
370 974 415 1030 καὶ
432 978 459 1034 ἐς
478 973 608 1047 Σικελίην
627 971 753 1040 ἀπίκατο,
768 972 897 1051 λέγοντες
909 970 974 1034 τούς

175 1059 273 1123 αὖτούς
291 1061 393 1142 λόγους
411 1060 475 1122 τούς
492 1061 537 1118 καὶ
553 1061 622 1136 πρός
641 1060 754 1118 Γέλωνα
770 1061 876 1140 ἔλεγον·
901 1063 927 1118 οἱ
943 1059 973 1118 δὲ

174 1151 329 1225 παραυτίκα
346 1152 397 1224 μὲν
417 1149 572 1228 ὑπίσχοντο
592 1149 711 1225 πέμψειν
726 1175 757 1206 τε
776 1148 821 1206 καὶ
839 1147 972 1224 ἀμυνέειν,

175 1235 326 1311 φράζοντες
340 1237 375 1300 ὥς
389 1235 421 1296 οὔ
434 1244 489 1312 σφι
502 1237 651 1312 περιοπτέη
665 1237 726 1294 ε’στὶ
739 1235 757 1310 ή
770 1235 876 1298 Ἑλλᾶς
885 1235 972 1296 ἄπολ-

175 1325 291 1400 λυμένη·
311 1322 345 1400 ἢν
360 1325 415 1406 γὰρ
429 1329 539 1402 σφαλῇ,
556 1328 640 1398 σφεῖς
652 1350 685 1405 γε
700 1323 778 1382 οὐδὲν
791 1322 866 1382 ἄλλο
880 1323 897 1399 ἢ
911 1324 971 1382 δου-

174 1410 310 1471 λεύσουσι
325 1416 360 1491 τῇ
377 1413 471 1491 πρώτῃ
490 1417 543 1470 τῶν
561 1411 693 1488 ἡμερέων·
715 1410 792 1470 α’λλά
804 1412 973 1488 τιμωρητέον

174 1500 215 1574 εἴη
227 1506 254 1563 ἐς
262 1501 294 1559 τό
302 1500 496 1559 δυνατώτατον.
521 1499 701 1576 ὑπεκρίναντο
710 1503 762 1576 μὲν
773 1499 843 1558 οὕτω
854 1499 971 1576 εὐπρόσ-

174 1613 243 1647 ωπα·
272 1590 330 1646 ἐπεὶ
351 1589 380 1646 δὲ
402 1589 454 1647 ἔδει
474 1588 613 1662 βοηθέειν,
638 1587 715 1647 ἄλλα
735 1593 859 1650 νοεῦντες
886 1587 970 1664 ε’πλή-

160 1683 266 1752 ρωσαν
289 1677 352 1740 νέας
373 1675 512 1751 ἑξήκοντα,
535 1676 617 1756 μόγις
640 1677 669 1735 δὲ
696 1676 860 1756 ἀναχθέντες
882 1703 970 1753 προσ-

159 1764 269 1840 ’έμιξαν
281 1768 316 1843 τῇ
330 1762 549 1843 Πελοποννήσῳ·
571 1766 616 1822 καὶ
630 1766 693 1841 περὶ
703 1764 802 1824 Πόλον
816 1765 861 1823 καὶ
874 1766 969 1823 Ταίνα-

171 1877 222 1927 ρον
244 1857 296 1932 γής
316 1856 366 1928 τῆς
387 1853 610 1927 Λακεδαιμονίων
633 1851 801 1932 ἀνεκώχευον
824 1853 873 1916 ταὶς
899 1855 969 1922 νέας,

173 1941 384 2016 καραδοκέοντες
404 1942 450 1998 καὶ
471 1938 546 1999 οὗτοι
565 1940 615 2000 τὸν
634 1941 760 2018 πόλεμον
783 1939 803 2020 ᾗ
829 1943 969 2001 πεσέεται·

172 2026 353 2092 οἷελπτέοντες
368 2032 420 2106 μὲν
436 2029 502 2091 τούς
515 2027 659 2105 Ἕλληνας
674 2029 910 2106 ὑπερβαλέεσθαι,
926 2029 970 2088 δο-

173 2117 279 2180 κέοντες
306 2117 335 2176 δὲ
361 2116 410 2177 τόν
437 2118 554 2194 Πέρσην
584 2118 833 2194 κατακρατήσαντα
859 2116 969 2177 πολλόν

172 2201 264 2280 ἄρξειν
277 2205 371 2282 πιίσης
383 2209 434 2281 τῆς
445 2204 593 2268 Ἑλλάδος·
608 2206 715 2264 ἐποίευν
729 2205 766 2264 ὦν
779 2205 910 2280 ἐπίτηδες,
926 2207 969 2266 ἵνα

173 2294 257 2370 ἔχωσι
271 2294 340 2370 πρός
352 2294 402 2354 τόν
416 2295 532 2371 Πέρσην
545 2296 638 2376 λέγειν
651 2294 752 2353 τοιάδε·
774 2293 822 2352 “οἰ
835 2296 967 2370 βασιλεῦ,

173 2380 259 2455 ήμεῖς,
273 2383 551 2458 παραλαμβανόντων
563 2387 618 2444 τῶν
627 2382 771 2458 Ἑλλήνων
780 2382 867 2460 ήμέας
880 2388 907 2445 ές
919 2383 969 2444 τόν

172 2468 297 2543 πόλεμον
310 2473 416 2540 τοῦτον,
431 2473 539 2550 ἔχοντες
549 2471 663 2548 δύναμιν
674 2470 723 2530 οὐκ
732 2473 894 2551 ἐλαχίστην,
905 2471 968 2532 οὐδὲ

172 2556 233 2618 νέας
248 2559 399 2636 ἐλαχίστας
409 2559 604 2638 παρασχόντες
614 2559 655 2630 ἂν,
665 2559 741 2620 ἄλλό
752 2561 888 2623 πλείστας
897 2560 968 2638 μετά

171 2670 203 2723 γε
213 2643 383 2720 Ἀθηναίους,
394 2646 443 2706 οὐκ
455 2648 629 2723 ε’θελήσαμέν
639 2673 682 2708 τοι
694 2651 894 2719 ἐναντιοῦσθαι,
905 2649 969 2710 οὐδέ

171 2757 198 2790 τι
218 2733 373 2812 ἀποθύμιον
394 2736 537 2811 ποιῆσαι·”
559 2743 674 2796 τοιαῦτα
697 2740 826 2818 λέγοντες
849 2737 968 2814 ήλπιζον

171 2822 258 2880 πλέον
271 2849 298 2881 τι
311 2827 366 2883 τῶν
379 2823 474 2883 ἄλλων
488 2826 627 2885 οἴσεσθαι·
644 2826 731 2904 τιίπερ
745 2825 778 2885 ἂν
792 2829 836 2885 καὶ
851 2829 967 2908 ἐγένετο,

171 2908 206 2972 ὦς
225 2911 286 2986 ἐμοὶ
300 2911 396 2971 δοκέει.
438 2913 508 2989 πρὸς
521 2914 550 2972 δὲ
563 2912 778 2991 τοῦςἙλληνοίς
794 2923 850 2990 σφι
864 2919 969 2992 σκῆψις

170 3001 326 3076 ἐπεποίητο,
340 3005 428 3078 τῇπερ
443 3000 477 3076 δή
491 3001 536 3060 καὶ
550 3001 715 3080 ἐχρήσαντο·
734 3005 900 3080 αἰτιωμένων
912 3002 967 3083 γὰρ

169 3092 223 3146 τῶν
238 3087 383 3163 Ἑλλήνων
401 3088 444 3148 ὅτι
462 3087 511 3147 οὐκ
530 3089 674 3165 ἐβοήθεον,
689 3091 800 3166 ἔφασαν
818 3095 967 3167 πληρῶσαι

169 3177 221 3250 μὲν
234 3174 367 3251 ἑξήκοντα
379 3176 506 3253 τριήρεας
518 3176 573 3236 ὑπό
587 3178 617 3236 δὲ
630 3179 762 3254 ἐτησιέων
771 3177 877 3254 ἀνέμων
886 3178 967 3255 ὑπερ-

168 3266 286 3342 βαλέειν
312 3267 431 3339 Μαλέην
452 3265 503 3324 οιίκ
524 3266 580 3326 οἶοί
597 3293 628 3325 τε
647 3267 787 3348 γενέσθαι·
822 3265 892 3327 οὕτω
918 3267 967 3328 οὐκ

171 3353 321 3414 ἀπικέσθαι
343 3358 370 3416 ἐς
391 3355 548 3430 Σαλαμῖνα,
563 3354 609 3413 καὶ
628 3354 741 3432 οὐδεμιῇ
761 3353 892 3422 κακότητι
912 3359 967 3412 λειι
