2276 3538
145 149 192 200 170
436 143 619 196 Ἠυοιουου
866 142 941 206 [vn.

143 233 227 299 νειοῦ,
249 226 295 286 καὶ
313 225 474 294 Ἀπιδανοῦ,
495 225 540 284 καὶ
560 223 725 304 Ὀνοχώνου,
745 223 791 282 καὶ
809 221 944 294 Ἐνιπέος,

143 316 347 391 καὶΠαμίσου,
362 319 389 374 οἱ
401 316 453 395 μέν
469 341 515 374 νυν
532 318 559 376 ἐς
575 312 607 373 τό
627 313 721 372 πεδίον
739 316 823 372 τοῦτο
840 316 944 372 συλλε-

144 403 258 484 γόμενοι
272 408 301 461 ἐκ
315 409 369 462 τῶν
383 402 483 480 οὐρέων
499 405 553 462 τῶν
569 400 785 478 περικληῖόντων
802 399 854 476 τὴν
872 408 944 461 Θεσ-

145 493 249 567 σαλίην
267 489 490 568 ούνομαζόμενοι,
507 489 540 549 δι’
557 489 616 552 ἐνδς
634 488 765 559 αὐλῶνος,
780 490 826 548 καὶ
844 488 945 548 τούτου

145 583 263 650 στεινοῦ,
278 581 373 656 ἔκροον
387 580 483 658 έχουσι
497 583 524 642 ἐς
538 577 698 646 θάλασσαν,
712 577 944 656 προσυμμίσγον-

143 693 188 730 τες
201 668 233 727 τό
252 667 323 744 ὕδωρ
336 667 435 730 πάντες
449 673 475 729 ἐς
487 663 586 726 τῶυτό·
609 665 691 724 ἐτεόν
705 665 734 724 δέ
748 665 944 744 συμμιχθέωσι

143 755 274 835 τάχιστα,
289 757 413 816 ἐνθεῦτεν
426 754 479 830 ἤδη
493 754 509 814 ό
524 753 642 830 Πηνειός
654 757 693 832 τῷ
709 751 840 829 οὐνόματι
861 779 943 832 κατα-

145 853 272 927 κρατέων,
286 849 442 926 ἀνωνύμους
455 849 517 912 τοῦς
530 848 635 912 ἄλλους
648 849 717 907 εἶναι
731 848 824 907 ποιέει
866 847 900 907 τό
914 847 944 908 δέ

143 938 267 998 παλαιόν
289 940 409 1019 λέγεται,
433 937 483 998 ούκ
505 937 597 1000 ἐόντος
619 964 657 996 κω
678 941 727 996 τοῦ
749 935 873 998 αύλῶνος
896 937 943 996 καὶ

145 1026 270 1104 διεκρόου
290 1027 397 1096 τούτου,
418 1026 482 1090 τοῦς
502 1026 644 1102 ποταμούς
663 1025 785 1096 τούτους,
807 1025 852 1084 καὶ
873 1024 943 1102 πρός

143 1119 220 1174 τοῖσι
234 1119 386 1192 ποταμοῖσι
399 1115 525 1174 τούτοισι
538 1113 589 1190 τὴν
603 1113 742 1190 Βοιβηίδα
756 1114 866 1188 λίμνην,
881 1111 943 1172 οῦτε

145 1201 488 1280 οῦνομιίζεσθαικατόπερ
506 1207 554 1262 νῦν
572 1203 644 1279 ῥέειν
662 1228 692 1260 τε
716 1195 792 1260 οῦδὲν
814 1199 943 1277 ἧσσονῆ

144 1296 205 1352 νῦν·
237 1293 349 1369 ῥέοντας
375 1291 405 1352 δὲ
436 1293 539 1350 ποιέειν
572 1289 625 1366 τήν
654 1290 818 1365 Θεσσαλίην
847 1294 943 1350 πᾶσαν

143 1380 279 1462 πέλαγος·
301 1380 381 1440 αύτοὶ
393 1381 445 1457 μέν
457 1406 504 1439 νυν
517 1380 667 1438 Θεσσαλοί
678 1385 751 1454 φασι
765 1377 943 1437 Ποσειδέωνα

80 1515 82 1518 .
143 1472 263 1544 ποιῆσαι
283 1469 332 1528 τόν
351 1467 463 1528 αῦλῶνα
484 1465 517 1526 δι’
537 1464 570 1526 οὗ
588 1467 643 1544 ῥέει
662 1465 677 1525 ό
699 1464 825 1541 Πηνειός,
848 1465 942 1524 οἰκότα

144 1549 287 1634 λέγοντες·
316 1556 394 1619 ὅστις
414 1555 470 1635 γῶρ
491 1555 596 1631 νομίζει
616 1554 795 1612 Ποσειδέωνα
818 1552 870 1627 τὴν
889 1557 942 1633 γῆν

144 1643 238 1712 σείειν,
264 1644 309 1701 καὶ
335 1643 371 1702 τοὶ
398 1643 547 1701 διεστεῶτα
572 1641 628 1701 όπό
654 1645 776 1718 σεισμοῦ
802 1645 851 1700 τοῦ
878 1641 942 1700 θεοῦ

144 1729 243 1788 τούτου
262 1731 329 1810 ἔργα
346 1730 421 1802 εἶναι,
439 1729 484 1788 καὶ
505 1727 539 1788 ἂν
560 1733 646 1788 ἐκεῖνο
668 1729 730 1788 ἰδῶν
751 1729 822 1805 φαίη
839 1734 942 1788 Ποσει-

145 1817 230 1876 δέωνα
251 1822 383 1894 ποιῆσαι·
411 1819 472 1876 ἐστι
493 1817 548 1898 γὰρ
570 1822 691 1894 σεισμοῦ
713 1818 801 1897 ἔργον,
825 1816 860 1880 ῶς
881 1819 942 1894 ἐμοὶ

99 1907 155 1988 130
166 1906 296 1981 ἐφαίνετο
324 1906 401 1975 εἶναι,
421 1905 440 1982 ἦ
461 1905 609 1968 διάστασις
628 1910 683 1966 τῶν
703 1904 828 1985 οὐρέων)
857 1908 894 1965 Οἱ
914 1906 942 1965 δὲ

145 1993 349 2074 κατηγεόμενοι,
365 1995 506 2072 εἰρομένου
519 1993 627 2072 Ξέρξεω
641 1997 664 2052 εἰ
682 1995 743 2052 ἐστι
761 1991 838 2069 ἄλλη
851 1993 943 2062 ἔξοδος

145 2085 172 2143 ἐς
195 2079 347 2142 θάλασσαν
368 2087 406 2162 τῷ
427 2087 545 2161 Πηνειῷ,
570 2082 780 2158 ἐξεπιστάμενοι
801 2080 941 2158 ἀτρεκέως,

145 2169 236 2230 εἶπον·
265 2183 282 2207 “
290 2173 423 2248 βασιλεῦ,
450 2175 566 2251 ττοταμηΑ
592 2171 679 2250 τούτῳ
707 2169 756 2230 οῦκ
784 2171 844 2229 ἐστι
867 2169 943 2247 ἄλλη

146 2259 277 2335 ἐξήλυσις
298 2265 324 2322 ἐς
346 2259 497 2320 θάλασσαν
518 2258 685 2335 κατήκουσα,
706 2257 771 2318 ἀλλ’
791 2257 840 2334 ἥδε
860 2258 942 2335 αύτή·

145 2345 241 2424 οὔρεσι
271 2346 326 2428 γὰρ
362 2346 616 2424 περιεστεφάνωται
651 2351 733 2406 πᾶσα
764 2347 943 2423 Θεσσαλίη·”

145 2433 251 2510 Ξέρξεα
278 2435 308 2493 δὲ
337 2435 450 2514 λέγεται
480 2438 565 2494 εἰπεῖν
593 2435 663 2511 πρός
693 2437 793 2494 ταῦτα·
829 2446 847 2471 “
855 2436 945 2512 σοφοὶ

145 2520 240 2598 ἄνδρες
254 2523 309 2580 εἶσὶ
322 2521 482 2582 Θεσσαλοί·
503 2521 579 2582 ταῦτ’
598 2521 652 2599 ἄρα
672 2523 727 2600 πρό
747 2526 862 2584 πολλοῦ
880 2529 944 2599 ἔφυ-

145 2607 267 2678 λόξαντο
288 2611 537 2688 γνωσιμαχέοντες,
555 2610 600 2668 καὶ
617 2609 712 2670 τᾶλλα
730 2610 776 2668 καὶ
794 2609 838 2670 ὅτι
852 2611 946 2689 χώρην

144 2695 199 2773 ἄρα
220 2695 295 2774 εἶχον
316 2694 454 2774 εύαίρετόν
473 2723 504 2757 τε
525 2698 571 2756 καὶ
590 2695 794 2777 ταχυάλωτον.”
821 2697 870 2757 τόν
889 2696 945 2778 γυὶρ

145 2785 274 2860 ποταμόν
289 2787 407 2865 πρῆγμα
427 2783 461 2845 ἂν
481 2784 516 2858 ἦν
535 2790 639 2862 μοῦνον
659 2787 766 2846 ἐπεῖναί
783 2791 879 2862 σφεων
900 2787 946 2844 ἐπὶ

145 2872 196 2948 τήν
216 2871 317 2952 χοίρην,
337 2871 447 2952 χόματι
469 2878 499 2932 ἐκ
522 2878 572 2934 τοῦ
593 2875 717 2937 αὐλῶνος
738 2873 945 2951 ἐκβιβάσαντα,

146 2963 192 3020 καὶ
205 2961 421 3040 παρατρέψαντα
434 2961 467 3021 δι’
480 2961 518 3022 ῶν
532 2967 580 3022 νῦν
590 2963 644 3040 ῥέει
655 2963 780 3038 ῥεέθρων·
794 2961 867 3023 ὥστε
875 2970 947 3023 Θεσ-

146 3051 250 3126 σαλίην
265 3054 362 3109 πᾶσαν
380 3049 429 3118 ἔξω
446 3053 501 3108 τῶν
520 3049 620 3127 οὐρέων
635 3049 786 3130 ύπόβρυχα
804 3051 946 3132 γενέσθαι.

145 3141 234 3196 ταῦτα
247 3138 276 3197 δὲ
290 3138 390 3216 ἔχοντα
411 3137 490 3218 ἔλεγε
506 3141 534 3201 ἐς
552 3138 617 3202 τούς
636 3137 756 3198 Ἀλεύεω
769 3139 878 3214 παῖδας,
893 3138 947 3220 (ὅτι

145 3229 251 3300 πρῶτοι
269 3225 423 3302 Ἑλλήνων,
438 3226 528 3290 ἐόντες
541 3228 696 3302 Θεσσαλοὶ,
718 3227 819 3288 ἔδοσαν
832 3225 947 3288 ἑωυτούς

146 3312 285 3393 βασιλέῖ,)
304 3313 405 3374 δοκέων
425 3314 440 3375 ό
463 3315 566 3392 μ,έρξης
586 3315 642 3376 όπό
663 3315 766 3378 παντός
786 3321 878 3391 σφεας
897 3315 947 3372 τοῦ
