2276 3538
180 115 228 162 ιιι
489 114 671 178 ὐνοιουου
898 116 976 181 [vn.

178 197 271 262 τοῦτο,
286 193 301 252 ὅ
315 218 343 252 τι
356 193 390 268 δή
405 193 470 253 κοτέ
485 199 547 253 ἐστι
559 193 592 254 τό
607 193 822 270 ἐπιφαινόμενόν
842 222 887 255 τοι
900 202 929 256 ἐν
941 201 980 277 τῷ

179 279 263 360 ὕπνῳ,
278 280 351 340 ὥστε
369 281 442 352 δόξει
463 284 512 358 ἐμὲ
533 281 605 358 ἀρῶν
625 284 661 341 σὲ
682 281 758 350 εἶναι,
773 287 809 360 τῇ
827 287 866 360 σῇ
881 286 980 360 ἐσθῆτι

178 369 403 446 τεκμαιρόμενον·
426 370 497 428 εἰδὲ
515 372 564 445 ἐμὲ
581 372 633 446 μὲν
653 375 682 428 ἐν
703 368 792 428 ου’δενὶ
808 371 885 452 λόγῳ
901 372 980 448 ποιή-

180 483 269 528 σεται,
288 458 350 517 οὐδὲ
371 457 484 527 ἀξιώσει
506 462 682 534 ἐπιφανῆναι,
697 457 760 517 οὔτε
781 456 815 534 ἢν
836 460 888 535 την
910 461 981 536 ἐμήν

134 612 135 621 η
181 547 289 622 ἐσθῆτα
303 547 356 624 ἐχω
371 546 433 606 οὔτε
446 545 481 622 ἦν
494 546 546 622 την
559 545 623 621 σὴν,
632 549 667 605 σὲ
681 545 710 604 δέ
724 547 909 622 ἐπιφοιτήσει,
918 552 981 608 τοῦ·

181 661 213 695 το
233 633 287 710 ἤδη
308 635 448 711 μαθητέον
470 635 541 693 ἐστί·
566 638 589 692 εἰ
609 633 664 715 γάρ
683 633 717 709 δὴ
735 635 929 710 ἐπιφοιτήσειέ
947 663 981 717 γε

181 724 325 802 συνεχέως,
341 723 428 797 φαίην
448 721 482 780 ἂν
503 722 549 780 καὶ
569 721 651 784 αύτός
665 722 739 780 θεῖον
757 721 835 780 εἶναι·
857 727 881 782 εἰ
894 724 926 782 δέ
937 751 981 784 τοι

181 809 250 868 οὕτω
271 809 416 884 δεδόκηται
431 809 569 889 γίνεσθαι,
584 809 630 868 καὶ
644 808 694 868 ούκ
709 809 753 868 οἶά
765 835 796 870 τε
809 808 876 870 αύτά
893 837 980 888 παρα-

181 898 288 974 τρέψαι,
302 895 367 956 ἀλλ’
380 895 434 972 ἤδη
453 897 496 956 δεῖ
515 900 564 973 ἐμὲ
584 902 613 956 ἐν
634 899 712 975 κοίτη
732 901 768 975 τῇ
784 903 824 976 σῇ
841 904 981 958 κατυπνῶ-

181 1010 238 1054 σαι,
262 986 338 1060 φέρε,
360 984 464 1044 τούτων
485 986 515 1055 ἐξ
536 989 601 1062 ἐμεῦ
624 985 846 1061 ἐπιτελευμένων,
866 987 981 1063 φανήτω

181 1074 227 1132 καῖ
240 1074 311 1150 ἐμοί·
332 1074 415 1151 μέχρι
431 1072 460 1132 δὲ
474 1073 581 1142 τούτου,
596 1078 631 1151 τῇ
645 1073 789 1152 παρεούσῃ
802 1074 899 1154 γνιύμη
912 1074 981 1153 χρή-

134 1163 169 1221 17
183 1161 297 1239 σομαι.”
338 1165 470 1221 Τοσαῦτα
492 1162 570 1225 εἴπας
585 1161 761 1238 Ἀρτάβανος
782 1163 899 1232 ἐλπίζων
913 1163 980 1240 Ξέρ-

181 1251 229 1320 ξεα
243 1250 387 1320 ἀποδέξειν
400 1251 522 1330 λέγοντα
536 1249 622 1318 οὐδὲν,
638 1249 727 1308 ἐποίεε
743 1249 776 1308 τό
790 1249 995 1328 κελευόμενον·“

182 1339 257 1402 ἐνδύς
278 1340 307 1398 δὲ
328 1339 379 1414 τήν
400 1338 509 1414 Ξέρξεω
532 1339 639 1413 ἐσθῆτα
663 1338 709 1396 καὶ
735 1337 857 1413 ἱζόμενος
881 1343 908 1401 ἐς
931 1337 982 1398 τάν

181 1427 337 1502 βασιλήϊον
356 1426 463 1502 θρόνον,
483 1426 518 1488 ὦς
535 1425 607 1502 μετά
628 1430 715 1484 ταῦτα
736 1429 829 1485 κοῖτον
850 1427 980 1496 ἐποιέετο,

181 1515 253 1590 ἦλθέ
274 1517 300 1572 οἱ
323 1514 522 1591 κατυπνωμένῳ
545 1513 633 1572 τώυτό
657 1513 763 1589 ὄνειρον
784 1514 816 1574 τά
839 1515 884 1572 καὶ
905 1516 981 1592 παρά

181 1603 286 1677 Ξέρξεα
308 1603 417 1676 ἐφοίτα·
438 1600 580 1676 ύπερστάν
602 1601 632 1660 δέ
653 1606 703 1661 τοῦ
720 1600 906 1677 Ἀρταβάνου,
921 1603 981 1661 εἶπε

182 1689 255 1748 τάδε’
278 1688 358 1764 “ἆρα
378 1689 415 1748 σι)
436 1688 469 1764 δή
491 1691 579 1752 κεῖνος
598 1689 636 1752 εἶς
650 1688 666 1748 ὅ
680 1688 863 1748 ἀποσπεύδων
876 1691 982 1766 Ξέρξεα

182 1776 385 1854 στρατεύεσθαι
412 1778 457 1836 ἐπὶ
480 1777 533 1852 τήν
555 1776 690 1847 Ἑλλάδα,
716 1777 751 1839 οῖς
775 1777 809 1852 δὴ
834 1777 982 1854 κηδόμενος

182 1864 284 1934 αὐτοῦς
306 1864 371 1924 ἀλλ’
383 1863 445 1924 ούτε
460 1871 487 1928 ἐς
500 1865 532 1924 τό
547 1866 702 1941 μετέπειτα,
713 1863 776 1924 οὔτε
790 1871 817 1927 ἐς
830 1864 862 1924 τό
877 1891 981 1942 παραυ-

181 1955 244 2014 τίκα
258 1958 306 2014 νιῖν
320 1954 517 2030 καταπροΐξεαι
527 1952 690 2028 ἀποτρέπων
700 1953 732 2012 τό
745 1953 829 2032 χρεόν
840 1954 980 2033 γενέσθαιΙ

181 2043 286 2120 Ξέρξεα
300 2042 329 2102 δέ
342 2042 377 2102 τά
391 2042 433 2102 δεῖ
445 2041 666 2117 ἀνηκουστέοντα
677 2042 797 2109 παθέειν,
808 2040 880 2120 αύτῷ
890 2042 982 2119 ἐκείνῳ

136 2130 363 2207 188εδήλωται.”
403 2129 497 2188 Ταῦτά
520 2155 549 2187 τε
574 2128 608 2205 δὴ
633 2128 724 2188 ἐδόκεε
746 2127 923 2205 Ἀρτάβανος
948 2130 982 2189 τό

182 2218 287 2295 ὄνειρον
309 2217 457 2288 ἀπειλέειν,
476 2218 521 2275 καὶ
540 2218 669 2294 θερμοῖσι
692 2217 845 2292 σιδηρίοισι
866 2218 982 2277 ἐκκαίειν

182 2305 267 2365 αὐτοῦ
287 2308 405 2382 μέλλειν
425 2306 489 2368 τούς
510 2304 687 2380 ὀφθαλμούς·
716 2306 762 2362 καὶ
784 2304 822 2374 ὃς,
842 2304 882 2381 ἀμ
908 2305 983 2368 κύσας

181 2395 263 2473 μέγα,
285 2393 467 2468 ἀναθρώσκει,
490 2394 535 2450 καὶ
556 2392 740 2469 παριζόμενος
755 2394 855 2470 Ξέρξη,
877 2393 912 2456 ιύς
932 2393 983 2470 τήν

182 2480 247 2556 ὄψιν
261 2483 288 2538 οῖ
300 2483 350 2538 τοῦ
365 2481 491 2538 ἐνυπνίου
508 2480 636 2555 διεξῆλθε
657 2480 855 2559 ἀπηγεόμενος,
870 2481 983 2558 δεύτερά

182 2571 208 2625 οἱ
228 2568 306 2647 λέγει
324 2566 398 2626 τάδε·
421 2577 438 2601 “
448 2567 501 2647 ἐγῶ
515 2570 575 2643 μέν,
591 2567 611 2625 ὦ
625 2570 758 2643 βασιλεῦ,
773 2569 819 2627 οἶα
840 2567 983 2645 ἅνθρωπος

182 2654 245 2713 ἷδάν
263 2653 316 2730 ἤδη
336 2653 434 2713 πολλά
452 2681 482 2714 τε
500 2656 546 2713 καὶ
566 2655 678 2736 μεγάλα
693 2656 818 2716 πεσόντα
831 2656 983 2736 πρήγματα

181 2742 236 2802 ιῖπό
252 2741 392 2818 ἡσσόνων,
407 2742 456 2802 οὐκ
471 2745 520 2803 ἐων
533 2770 568 2802 σε
581 2743 616 2802 τά
630 2743 721 2803 πάντα
734 2749 769 2823 τῇ
783 2744 878 2822 ἡλικίη
894 2745 982 2814 εἴκειν,

183 2831 366 2908 ἐπιστάμενος
389 2831 424 2894 ἀς
446 2831 531 2891 κακόν
555 2831 597 2906 εἴη
620 2831 653 2890 τό
677 2837 794 2892 πολλῶν
818 2833 983 2908 ἐπιθυμέειν,

181 2922 354 2997 μεμνημένος
367 2922 418 2997 μὲν
431 2920 481 2980 τάν
498 2919 542 2978 ἐπὶ
557 2920 752 2999 Μασσαγέτας
766 2919 861 2996 Κύρου
878 2918 984 2979 στόλον

183 3008 218 3071 ἀς
237 3009 344 3084 ἔπρηξε,
359 3009 532 3084 μεμνημένος
550 3006 580 3065 δέ
601 3007 646 3064 καὶ
667 3007 717 3066 τόν
730 3007 772 3066 ἐπ’
785 3008 923 3069 Αἰθίοπας
935 3006 985 3067 τάν

183 3096 357 3172 Καμβύσεω,
382 3093 639 3170 συστρατευόμενος
666 3094 695 3152 δὲ
726 3095 771 3153 καὶ
800 3095 908 3172 Δαρείῳ
939 3096 984 3153 ἐπὶ

183 3184 300 3248 Σκύθας·
323 3181 506 3257 ἐπισπόμενος
525 3184 620 3249 ταῦτα,
638 3181 750 3261 γνιύμην
772 3181 856 3260 εἶχον,
873 3181 984 3257 ἀτρεμί-

183 3271 264 3341 ζοντά
277 3296 312 3328 σε
325 3267 500 3345 μακαριστόν
514 3268 582 3327 εἶναι
603 3267 672 3344 πρός
692 3269 802 3328 πάντων
822 3268 984 3346 ἀνθρώπων.
