2268 3536
123 241 234 310 ιιι-ιι]
432 243 639 297 mmmm:
900 245 939 294 ιε·

127 332 152 389 ἐς
165 325 199 385 τό
213 327 307 403 τεῖχος
319 323 569 401 παρεσκευάσαντο
581 325 610 384 δὲ
620 323 657 386 ὥς
665 322 931 402 πολιορκησόμενοι·

127 415 171 473 καὶ
190 417 258 472 σῖτα
279 413 325 471 καὶ
345 411 418 471 ποτά
439 411 472 472 τδ
491 416 584 492 τεῖχος
605 411 753 482 ἐσάξαντο.
788 412 834 471 καὶ
854 407 931 470 οὗτοι

126 505 175 576 μὲν
185 501 414 578 παρεσκευάδατο
429 499 464 564 οἷς
477 502 671 578 παρεσομένου
686 506 742 575 σφι
755 501 891 576 πολέμου,
904 503 930 558 οἶ

125 590 147 650 δ’
169 591 279 650 ἐπείτε
300 589 436 666 διέβαλον
456 595 486 648 ἐκ
507 593 557 664 τῆς
580 590 653 648 Χίου
673 588 723 650 τοὶς
746 589 808 649 νέος
829 593 856 649 ἐς
878 587 930 662 τήν

125 678 228 751 Νάξον,
244 677 315 755 πρός
328 679 544 758 πεφραγμένους
557 677 781 754 προσεφέροντο·
804 676 850 732 καὶ
867 679 930 734 έπο·

124 765 252 842 λιόρκεον
277 771 368 842 μῆνας
399 766 548 842 τέσσερας·
583 765 618 828 οἷς
644 765 674 824 δὲ
700 763 735 824 τά
761 789 793 824 τε
821 763 931 841 ἔχοντες

123 853 213 928 ἦλθον
233 853 367 932 χρήματα
389 857 416 912 οἱ
438 855 552 929 Πέρσαι
573 857 661 912 ταῦτα
685 849 930 926 καταδεδαπάνητό

122 949 178 1017 σφι
192 943 238 1002 καὶ
252 945 326 1022 αύτῷ
339 945 377 1021 τῷ
390 941 581 1023 Ἀρισταγόρῃ
594 943 844 1020 προσαναισίμωτο
857 932 928 1000 πολᾸ

122 1031 168 1104 λά,
191 1035 241 1092 τοῦ
264 1031 386 1094 πλεῦνός
409 1057 440 1090 τε
468 1031 559 1090 ε’δέετο
582 1029 601 1106 ή
625 1031 784 1108 πολιορκίη,
810 1029 928 1088 ἐνθαῦτα

122 1121 216 1196 τείχεα
242 1123 318 1178 τοῖσι
343 1118 453 1198 φυγάσι
479 1123 534 1178 τῶν
557 1119 670 1188 Ναξίων
694 1117 929 1194 οἰκοδομήσαντες

123 1203 349 1266 ἀπαλλάσσοντο
364 1212 391 1268 ές
404 1207 456 1281 τήν
469 1205 593 1284 ἤπειρον,
609 1211 698 1270 κακῶς
711 1206 898 1283 πρήσσοντες.

164 1291 369 1372 Ἀρισταγόρης
386 1294 416 1351 δὲ
432 1293 482 1352 ούκ
500 1293 558 1372 εἶχε
573 1293 625 1368 τήν
638 1294 798 1371 ὑπόσχεσιν
811 1297 850 1370 τῷ
862 1293 926 1370 Ἀρ·
936 1295 974 1352 35

123 1380 258 1456 ταφέρνεῖ
276 1384 466 1456 ἐκπληρῶσαι·
488 1379 548 1456 ἅμα
567 1381 597 1438 δὲ
612 1381 702 1450 ἐπίεζέ
720 1407 768 1456 μιν
784 1381 803 1456 ή
819 1381 927 1456 δαπάνη

121 1471 172 1542 τῆς
188 1471 325 1544 στρατιῆς
343 1466 538 1542 ἀπαιτεομένη,
553 1467 674 1544 ἀρρώδεέ
691 1494 722 1527 τε
738 1470 788 1527 τοῦ
805 1473 928 1544 στρατοῦ

120 1555 278 1631 πρήξαντος
305 1559 394 1618 κακῶς
424 1556 471 1614 καὶ
502 1555 663 1637 Μεγαβάτῃ
690 1557 924 1633 διαβεβλημένος·

121 1643 214 1702 ε’δόκεέ
225 1669 256 1703 τε
265 1643 318 1722 τήν
327 1644 485 1720 βασιληίην
494 1647 545 1719 τῆς
559 1643 691 1720 Μιλήτου
704 1643 924 1720 ἀπαιρήσεσθαι·

120 1729 263 1807 ἀρρωδέων
279 1732 309 1792 δέ
325 1732 430 1792 τούτων
447 1733 553 1791 ἕκαστα
571 1732 738 1808 ἐβουλεύετο
754 1730 924 1792 ἀπόστασιν

120 1820 273 1879 συνέπιπτε
299 1821 353 1909 γάρ
381 1821 427 1878 καὶ
453 1820 503 1879 τδν
531 1821 696 1900 ἐστιγμένον
722 1820 773 1896 τήν
797 1821 926 1896 κεφαλήν

119 1905 240 1986 ἀπῖχθαι
267 1913 296 1967 έκ
325 1910 454 1973 Σουσέων
481 1909 558 1986 παραὶ
582 1908 725 1978 Ἱστιαίου,
750 1910 925 1985 σημαίνοντα

121 1993 298 2056 ἀπίστασθαι
313 1997 503 2077 Ἀρισταγόρῃ
523 1996 579 2056 α’πδ
596 1998 744 2073 βασιλέος·
766 1996 783 2056 ἀ
797 1994 852 2077 γάρ
867 1997 924 2058 Ἱσ-

119 2087 215 2153 τιαῖος,
237 2084 413 2162 βουλόμενος
434 2089 472 2163 τῷ
494 2084 684 2164 Ἀρισταγόρῃ
707 2089 834 2162 σημῇναι
855 2084 923 2144 ἀπο-

120 2175 232 2246 στῆναι,
243 2171 337 2236 ἄλλως
349 2177 401 2251 μὲν
413 2173 538 2251 οὐδαμῶς
553 2173 610 2251 εἶχε
623 2172 777 2247 ἀσφαλέως
791 2176 923 2250 σημήναι,

119 2258 194 2318 ὥστε
217 2262 459 2338 φυλασσομενέων
479 2266 534 2320 τῶν
554 2260 633 2320 ὁδῶν·
656 2259 671 2318 ὁ
694 2260 723 2318 δὲ
744 2263 800 2318 τῶν
818 2260 924 2319 δούλων

119 2347 169 2406 τὸν
182 2348 355 2408 πιστότατον
366 2348 548 2424 ἀποξυρήσας
560 2347 613 2422 τήν
624 2347 752 2422 κεφαλήν
766 2347 864 2419 ἔστιξε,
878 2349 924 2407 καὶ
963 2403 967 2410 .

119 2435 245 2511 ἀνέμεινε
263 2436 404 2512 ἀναφῦναι
419 2435 469 2498 τάς
485 2435 593 2514 τρίχας·
616 2434 651 2497 οἷς
668 2434 697 2494 δὲ
714 2434 858 2510 ἀνέφυσαν
876 2436 922 2498 τά·

118 2551 216 2602 χιστα,
244 2525 392 2601 ἀπέπεμπε
420 2529 446 2586 ές
474 2525 606 2600 Μίλητον
633 2523 824 2601 ἐντειλάμενος
850 2525 923 2606 αύτῷ

119 2612 194 2671 οἷλλο
209 2615 262 2689 μὲν
278 2611 364 2683 οὐδὲν,
380 2611 464 2672 ε’πεάν
483 2612 512 2672 δὲ
530 2611 663 2689 ἀπίκηται
682 2617 708 2676 ἐς
727 2612 865 2688 Μίλητον,
881 2641 922 2674 κε-

118 2700 211 2760 λεύειν
223 2700 430 2781 Ἀρισταγόρην
449 2701 607 2778 ξυρήσαντά
620 2728 668 2778 μιν
681 2702 731 2764 τάς
743 2702 840 2780 τρίχας
859 2729 921 2764 κατ-

119 2788 230 2849 ιδέσθαι
249 2795 277 2852 ές
288 2789 341 2865 τήν
359 2789 495 2865 κεφαλήν·
516 2790 552 2849 τοὶ
569 2790 598 2848 δὲ
616 2791 759 2869 στίγματα
778 2789 921 2867 ἐσήμαινε,

119 2875 156 2939 ὦς
173 2878 218 2936 καὶ
235 2875 372 2954 πρότερόν
387 2904 436 2954 μοι
456 2879 569 2954 εἴρηται,
584 2877 754 2938 ἀπόστασιν.
788 2883 876 2940 ταῦτα
893 2880 922 2939 δὲ

118 2963 136 3025 ό
155 2965 290 3030 Ἱστιαῖος
312 2967 410 3036 ε’ποίεε,
432 2966 586 3043 συμφορήν
609 2965 771 3043 ποιεύμενος
794 2968 922 3049 μεγάλην

118 3053 172 3129 τήν
192 3057 293 3115 ἑαυτοῦ
314 3054 437 3133 κατοχήν
456 3053 508 3130 τήν
529 3060 558 3113 έν
579 3054 725 3118 Σούσοισι·
747 3054 923 3118 ἀποστάσιος

119 3139 158 3200 ὦν
174 3144 329 3222 γενομένης,
345 3141 458 3205 πολλάς
476 3142 533 3221 εἶχε
551 3144 665 3206 ἐλπίδας
681 3141 857 3219 μετήσεσθαι
877 3143 922 3200 ε’πὶ

119 3230 282 3291 θάλασσαν·
299 3231 339 3307 μή
353 3231 382 3290 δὲ
395 3230 526 3308 νεώτερόν
539 3257 566 3290 τι
579 3231 713 3306 ποιεύσης
726 3235 776 3304 τῆς
789 3227 922 3302 Μιλήτου

118 3318 230 3397 ούδαμά
247 3326 274 3383 ές
292 3319 379 3395 αὐτὴν
391 3318 467 3394 ἥξειν
484 3321 523 3378 ἔτι
541 3319 692 3398 ἐλογίζετο.
725 3317 859 3376 Ἱστιαῖος
870 3317 922 3390 μέν
931 3317 968 3374 36

110 3433 169 3469 Ινυν
195 3413 283 3472 ταῦτα
310 3405 508 3482 διανοεύμενος,
536 3403 684 3480 ἀπέπεμπε
709 3403 759 3461 τὸν
789 3400 922 3480 ἄγγελον·
