2278 3538
138 165 280 226 212—218]
454 168 639 220 ΠΟᾹΤΜΝῙΔ.
892 171 938 218 209

138 270 206 322 ριον,
222 243 287 302 ἀλλ’
302 247 348 304 ἐπὶ
359 245 499 327 Ἐπιάλτῃ
512 255 550 328 τῷ
560 249 707 328 Τρηχινίῳ,
722 249 829 311 πάντως
845 273 894 308 κου
905 247 939 309 τδ

137 331 340 408 ἀτρεκέστατον
367 336 527 411 πυθόμενοι·
555 341 637 395 τοῦτο
664 336 700 404 δέ,
724 335 864 416 φεύγοντα
889 335 939 395 τδν

137 420 293 496 Ἐπιάλτην
316 422 418 498 ταύτην
441 423 492 498 την
516 426 606 499 αἰτίην
630 424 751 499 οἴδαμεν·
783 425 864 498 εἰδείη
886 427 938 499 μὲν

137 508 193 587 γάρ
213 507 255 582 ἂν,
273 510 319 568 καὶ
341 510 390 569 ἐάν
410 511 450 588 μὴ
471 511 606 587 Μηλιεῦς,
622 512 725 587 ταύτην
744 511 796 588 τήν
815 511 939 588 άτραπάν

138 595 257 672 Ὀνήτης
272 601 295 654 εἰ
307 603 342 676 τῇ
356 598 433 678 χάρη
443 600 541 658 πολλά
554 598 701 676 ὦμιληκιδς
714 599 766 675 εἴη·
785 597 850 658 ἀλλ’
863 598 939 658 Ἐπι-

139 684 226 760 άλτης
238 684 293 765 γάρ
308 692 369 745 ἐστι
383 687 398 746 ὁ
412 688 652 769 περιηγησάμενος
665 685 698 746 τά
713 685 793 765 οὖρος
807 685 876 745 κατά
889 687 939 761 τὴν

139 771 272 848 άτραπόν,
286 779 384 834 τοῦτον
398 776 486 834 αἴτιον
498 776 608 856 γράφω.

181 862 286 938 Ξέρξης
297 863 334 932 δέ,
344 864 405 922 ἐπεί
413 866 440 922 οἱ
450 863 535 940 ἤρεσε
545 863 580 922 τά
591 864 731 942 ύπέσχετο
742 863 757 923 ὁ
768 863 919 938 Ἐπιάλτης
928 866 984 922 215

141 949 374 1030 κατεργάσεσθαι,
389 951 487 1011 αὐτίκα
503 951 655 1056 περιχαρὴς
669 951 817 1031 γενόμενος
834 953 939 1028 ἔπεμπε

140 1035 283 1114 Ὑδάρνεα,
306 1040 351 1096 καὶ
375 1043 430 1099 τῶν
454 1045 623 1118 ἐστρατηγεε
645 1037 787 1116 Ὑδάρνης·
815 1039 939 1116 ὦρμέατο

141 1125 170 1183 δέ
190 1127 253 1202 περὶ
271 1125 380 1204 λύχνων
396 1126 471 1202 άφάς
492 1132 522 1184 ἐκ
542 1131 591 1185 τοῦ
609 1128 809 1202 στρατοπέδου.
843 1127 894 1201 τὴν
910 1127 939 1185 δέ

141 1213 266 1289 άτραπδν
282 1215 384 1290 ταύτην
404 1216 513 1290 ἐξεῦρον
531 1217 583 1290 μὲν
600 1218 625 1272 οἱ
647 1215 788 1294 ε’πιχιύριοι
808 1216 937 1290 Μηλιέες,

141 1301 295 1377 ἐξευρόντες
314 1303 343 1360 δὲ
359 1306 539 1363 Θεσσαλοῖσι
558 1301 753 1383 κατηγήσαντο
772 1303 816 1361 ἐπὶ
830 1304 939 1366 Φωκέας

140 1387 212 1457 τότε,
232 1388 278 1448 ὅτε
297 1393 323 1447 οί
341 1392 446 1453 Φωκέες
465 1391 621 1468 φράξαντες
638 1392 724 1469 τείχεϊ
740 1391 792 1466 την
810 1392 940 1467 ἐσβολὴν

140 1473 215 1550 ἦσαν
231 1483 260 1537 ἐν
276 1479 368 1556 σκέπῃ
385 1482 435 1537 τοῦ
453 1480 589 1556 πολέμου·
612 1480 640 1536 ἐκ
658 1504 689 1537 τε
706 1478 794 1539 τόσου
812 1479 846 1555 δη
863 1505 938 1538 κατε-

141 1564 251 1624 δέδεκτο
271 1570 357 1625 ἐοῦσα
377 1566 456 1626 οὐδὲν
475 1566 586 1644 χρηστὴ
605 1570 755 1642 Μηλιεῦσι.
788 1567 869 1646 Ἔχει
890 1567 986 1627 δέ216

142 1648 194 1711 ιδδε
206 1654 224 1729 ἡ
238 1653 361 1731 α’τραπδς
377 1654 455 1730 αὕτη·
477 1654 592 1734 ἄρχεται
610 1658 661 1731 μὲν
675 1654 730 1715 άπὸ
746 1660 796 1716 τοῦ
808 1656 940 1716 Ἀσωποῦ

141 1746 268 1818 ποταμοῦ
281 1749 331 1802 τοῦ
347 1742 392 1802 διά
408 1748 458 1819 τῆς
477 1743 635 1824 διασφάγος
651 1746 770 1821 ῥέοντος·
793 1744 897 1822 οὔνομα
910 1746 940 1805 δὲ

140 1833 178 1906 τῷ
189 1829 264 1907 οὔρεϊ
276 1832 364 1910 τούτῳ
375 1833 420 1889 καί
432 1837 467 1910 τῇ
477 1831 591 1911 ἀτραπῷ
600 1832 687 1891 τώυτδ
698 1838 784 1892 κεῖται
793 1831 938 1894 Ἀνόπαια·

140 1917 222 1976 τείνει
243 1919 272 1977 δέ
292 1919 310 1994 ἡ
330 1918 466 1979 Ἀνόπαια
487 1921 557 1995 αὕτη
579 1921 648 1979 κατά
666 1919 747 2000 ῥάχιν
764 1927 815 1981 τοῦ
836 1921 939 1998 οὔρεος·

141 2005 274 2085 λήγειδή
296 2006 365 2066 κατά
385 2034 416 2066 τε
433 2008 575 2081 Ἀλπηνδν
595 2009 688 2079 πάλιν,
709 2009 820 2084 πρώτην
841 2014 941 2069 ἐοῦσαν

141 2097 196 2151 τῶν
209 2094 351 2170 Λοκρίδων
363 2095 434 2172 πρδς
448 2099 503 2154 τιῦν
518 2097 658 2170 Μηλιέων,
672 2096 717 2154 καὶ
734 2096 804 2154 κατά
822 2095 940 2172 Μελάμ-

141 2182 231 2261 πιτγόν
257 2209 288 2242 τε
315 2181 484 2259 καλεόμενον
509 2185 591 2244 λίθον
615 2184 661 2242 καὶ
689 2183 759 2242 κατά
786 2183 941 2259 Κερκώπων

142 2268 231 2344 ἕδρας·
251 2274 287 2348 τῇ
304 2271 349 2328 καὶ
365 2271 398 2330 τά
416 2269 596 2332 στεινάτατάν
612 2277 682 2329 ἐστι.
718 2269 800 2330 Κατά
817 2270 987 2346 ταύτην217
1044 2297 1046 2305 ’

142 2356 176 2431 δὴ
195 2356 247 2432 τὴν
265 2356 388 2434 άτραπόν
410 2361 455 2416 καὶ
478 2357 548 2424 οὕτω
570 2361 692 2437 ἔχουσαν
713 2361 739 2417 οἱ
761 2359 872 2436 Πέρσαι
892 2358 941 2418 τάν

141 2443 273 2505 Ἀσωπὸν
286 2445 433 2521 διαβάντες
450 2445 615 2523 ἐπορεύοντο
631 2451 728 2505 πᾶσαν
742 2447 793 2522 τὴν
807 2447 897 2520 νύκτα,
913 2452 941 2507 ἐν

142 2533 219 2610 δεξιῇ
231 2537 283 2610 μὲν
299 2536 408 2612 ἔχοντες
426 2535 509 2612 οὔρεα
523 2535 559 2593 τά
577 2535 697 2594 Οἰταίων
715 2540 744 2594 ἐν
761 2535 895 2614 α’ριστερῇ
911 2536 941 2596 δὲ

141 2620 178 2679 τά
196 2623 357 2700 Τρηχινίων·
377 2621 433 2699 ἡῶς
449 2649 480 2682 τε
495 2622 529 2698 δὴ
546 2623 678 2698 διέφαινε,
696 2623 741 2681 καὶ
757 2625 883 2704 ἐγένοντο
900 2624 942 2684 ἐπ’

144 2707 301 2789 ἀκρωτηρίῳ
321 2714 371 2770 τοῦ
392 2709 495 2788 οὔρεος.
537 2711 607 2770 κατά
628 2711 657 2770 δέ
677 2714 759 2770 τοῦτο
778 2717 828 2770 τοῦ
848 2711 943 2789 οὔρεος

143 2796 320 2872 ἐφύλασσον,
335 2799 370 2860 ὦς
384 2801 430 2857 καὶ
444 2797 580 2876 πρότερόν
592 2823 642 2875 μοι
655 2797 814 2874 δεδήλωται,
830 2802 943 2861 Φωκέων

142 2885 232 2966 χίλιοι
244 2885 368 2955 ὁπλῖται,
381 2887 514 2963 ῥυόμενοί
524 2913 554 2947 τε
571 2888 623 2964 την
639 2888 779 2964 σφετέρην
791 2887 885 2965 χώρην
897 2889 943 2946 καὶ

143 2975 326 3051 φρουρέοντες
344 2975 395 3051 τήν
408 2976 543 3054 άτραπάν·
563 2975 582 3052 ἡ
598 2979 650 3053 μὲν
666 2975 721 3056 γάρ
738 2972 811 3032 κάτω
829 2975 942 3049 ἐσβολὴ

143 3062 327 3135 ἐφυλάσσετο
340 3063 394 3124 ύπό
410 3070 465 3125 τῶν
478 3067 592 3142 εἴρηται·
613 3063 665 3140 τὴν
678 3063 707 3121 δέ
724 3062 768 3120 διά
783 3065 834 3120 τοῦ
850 3059 943 3136 οὔρεος

143 3150 268 3225 άτραπὸν
295 3153 439 3212 ἐθελονταὶ
465 3155 571 3217 Φωκέες
596 3147 795 3225 ύποδεξάμεναι
821 3149 943 3228 Λεωνίδη

146 3237 321 3312 ἐφύλασσον.
347 3238 477 3316 Ἔμαθον
490 3241 520 3300 δέ
533 3248 626 3317 σφεας
639 3242 666 3298 οἱ
675 3236 781 3298 Φωκέες
795 3233 846 3294 ὧδε
859 3235 921 3295 άνα-
932 3239 990 3299 218

144 3324 316 3401 βεβηκότας·
338 3325 536 3402 ἀναβαίνοντες
550 3329 606 3409 γάρ
620 3324 772 3388 ἐλάνθανον
791 3325 818 3382 οἱ
833 3325 944 3400 Πέρσαι
967 3325 969 3330 ’

1077 3447 1133 3504 Δ
