2268 3536
174 173 205 222 ιο
480 174 662 224 Ἠοοκουου
925 175 971 239 [V.

171 253 315 328 ρημένους,
335 253 447 329 ἔφασαν
466 252 556 313 αὐτῶν
572 253 732 330 βούλεσθαι
750 253 901 322 διεξελθεῖν
920 255 973 331 τήν

172 339 277 418 χώρην·
295 345 436 405 ποιεῦντες
449 342 586 411 δὲταῦτα,
601 341 647 400 καὶ
660 339 804 411 διεξιόντες
816 346 913 402 πᾶσαν
922 343 973 420 τήν

173 431 330 506 Μιλησίην,
344 429 413 493 ὅκως
430 430 492 491 τινά
510 430 594 490 ἴδοιεν
612 434 640 488 ἐν
658 428 825 508 ἀνεστηκυίῃ
843 434 879 509 τῇ
894 430 972 510 χιόρῃ

171 515 259 595 ἀγρόν
273 517 302 578 εὖ
319 519 530 600 ἐξεργασμένον,
545 517 744 599 ἀπεγραφέατο
756 518 790 578 τό
804 517 910 596 οὕνομα
922 521 972 580 τοῦ

172 604 313 668 δεσπότεω
333 611 384 668 τοῦ
404 607 502 689 ἀγροῦ·
525 605 736 676 διεξελάσαντες
755 606 785 666 δὲ
805 611 902 668 πᾶσαν
920 608 973 684 τήν

171 694 265 774 χώρην
285 698 331 755 καὶ
352 697 487 760 σπανίους
508 695 632 774 εὗρόντες
651 695 772 768 τούτους,
794 695 829 758 οἷς
848 695 972 775 τάχιστα

171 785 335 859 κατέβησαν
349 790 376 847 ἐς
389 784 421 844 τό
436 783 516 851 άστυ,
531 784 615 860 ἀλίην
628 783 822 861 ποιησάμενοι,
836 783 972 855 ἀπέδεξαν

170 871 285 935 τούτους
300 875 352 950 μὲν
364 872 416 948 τήν
429 873 514 932 πόλιν
527 874 618 948 νέμειν
630 877 685 932 τῶν
699 870 778 949 εὗρον
790 871 855 935 τούς
870 872 972 954 ἀγρούς

172 958 200 1017 εὖ
229 961 456 1040 ἐξεργασμένους·
491 962 595 1020 δοκέειν
621 961 676 1042 γάρ
705 963 816 1038 ἔφασαν
844 961 890 1019 καὶ
917 967 972 1021 τῶν

171 1046 313 1124 δημοσίων
327 1048 398 1108 οὕτω
412 1048 445 1124 δή
462 1056 554 1126 σφεας
568 1050 793 1126 ἐπιμελήσεσθαι
807 1049 902 1126 ὥσπερ
918 1054 971 1109 τῶν

171 1138 326 1214 σφετέρων·
354 1137 419 1200 τούς
445 1138 474 1200 δὲ
498 1137 604 1202 ἀλλους
631 1138 792 1215 Μιλησίους
818 1137 883 1200 τούς
906 1139 972 1214 πρὶν

171 1225 376 1298 στασιάζοντας
389 1225 492 1287 τούτων
505 1227 604 1297 ἔταξαν
615 1228 771 1288 πείθεσθαι.
803 1225 907 1304 Πάριοι
919 1227 971 1303 μέν

122 1314 161 1372 30
171 1340 219 1374 νυν
229 1315 301 1376 οὕτω
312 1317 473 1392 Μιλησίους
483 1315 663 1394 κατήρτισαν.
692 1315 762 1375 Τότε
773 1315 803 1373 δὲ
814 1319 843 1372 ἐκ
853 1315 972 1373 τουτέων

169 1408 224 1463 τῶν
234 1407 340 1464 πολίων
351 1403 402 1464 ὦδε
415 1404 517 1483 ἤρχετο
532 1405 603 1463 κακά
616 1405 745 1485 γίνεσθαι
757 1407 793 1478 τῇ
806 1401 905 1474 Ἰωνίῃ.
941 1404 970 1456 ἐκ

169 1492 267 1561 Νάξου
289 1495 393 1573 ἔφυγον
413 1492 509 1568 ἀνδρες
529 1496 584 1550 τῶν
599 1491 711 1568 παχέων
727 1488 781 1546 ύπό
799 1491 851 1544 τοῦ
872 1483 970 1561 δήμου·

170 1579 307 1659 φυγόντες
320 1579 350 1638 δὲ
364 1578 497 1636 ἀπίκοντο
512 1583 538 1638 ἐς
555 1579 694 1652 Μίλητον.
729 1578 779 1648 τῆς
792 1572 822 1630 δὲ
839 1572 971 1648 Μιλήτου·

171 1666 305 1748 ἐτύγχανε
314 1669 462 1742 ἐπίτροπος
471 1665 521 1723 ἐόν
528 1661 755 1744 Ἀρισταγόρηςό
765 1659 969 1742 Μολπαγόρεω,

170 1755 300 1835 γαμβρός
310 1780 340 1814 τε
351 1753 402 1813 εἐόν
410 1754 456 1812 καὶ
464 1751 578 1829 ἀνεψιός
587 1752 722 1811 Ἱστιαίου
732 1755 782 1810 τοῦ
790 1747 969 1830 Λυσαγόρεω,

169 1843 219 1902 τόν
233 1843 249 1902 ὁ
264 1847 383 1920 Δαρεῖος
402 1848 430 1902 ἐν
448 1841 587 1904 Σούσοισι
601 1843 720 1920 κατεῖχε·
742 1839 758 1899 ό
772 1839 827 1921 γάρ
840 1838 971 1902 Ἱστιαῖος

168 1929 301 2008 τύραννος
310 1930 346 2006 ἦν
356 1929 496 2006 Μιλήτου,
506 1931 552 1988 καὶ
563 1930 696 2012 ἐτύγχανε
706 1933 806 1988 τοῦτον
813 1927 863 1988 τόν
870 1927 971 2006 χρόνον

170 2018 222 2078 ἐάν
243 2025 271 2079 ἐν
293 2019 429 2084 Σούσοισι
450 2018 497 2079 ὅτε
519 2022 545 2078 οἱ
567 2018 669 2088 Νάξιοι
686 2017 784 2094 ἦλθον,
803 2017 886 2086 ξεῖνοι
906 2017 971 2092 πρὶν

170 2107 260 2172 ἐόντες
275 2113 314 2188 τῷ
329 2107 461 2187 Ἱστιαίῳ·
483 2107 647 2184 ἀπικόμενοι
666 2107 695 2165 δὲ
714 2109 740 2165 οἱ
758 2105 861 2174 Νάξιοι
877 2109 905 2167 ἐς
920 2104 971 2179 τήν

170 2198 310 2275 Μίλητον,
326 2197 434 2258 ἐδέοντο
450 2201 501 2257 τοῦ
518 2195 733 2277 Ἀρισταγόρεω,
750 2195 775 2252 εἴ
792 2219 844 2256 κως
860 2191 969 2252 αύτοῐοι

168 2287 313 2367 παράσχοι
325 2287 440 2365 δύναμίν
449 2313 519 2356 τινα,
530 2287 576 2345 καὶ
587 2285 748 2344 κατέλθοιεν
759 2288 786 2346 ἐς
795 2282 847 2358 τήν
858 2285 970 2340 ἑωυτῶν·

170 2374 185 2434 ό
200 2376 229 2434 δὲ
243 2376 440 2452 ἐπιλεξάμενος
453 2375 489 2438 ιός
501 2373 535 2451 ἢν
549 2373 582 2433 δι’
594 2377 694 2433 ἑωυτοῦ
708 2372 866 2430 κατέλθωσι
879 2373 906 2432 ἐς
919 2369 972 2444 τήν

170 2462 255 2522 πόλιν
275 2462 351 2540 ἄρξει
370 2467 421 2538 τῆς
438 2462 543 2531 Νάξου,
561 2451 668 2539 σκῆψιν
688 2461 718 2518 δὲ
738 2457 901 2535 ποιεύμενος
920 2457 971 2533 τήν

170 2551 271 2627 ξεινίην
288 2550 339 2626 τήν
354 2549 497 2621 Ἱστιαίου,
515 2549 595 2608 τόνδε
616 2555 672 2623 σφι
692 2546 780 2626 λόγον
800 2545 971 2622 προσέφερε·

171 2649 189 2674 “
197 2638 279 2703 αύτὸς
291 2641 343 2715 μὲν
352 2638 418 2714 ύμῖν
429 2636 460 2696 οὗ
472 2634 626 2717 φερέγγυός
640 2639 696 2710 εἰμι
706 2633 822 2709 δύναμιν
832 2632 973 2708 τοσαύτην

170 2731 337 2806 παρασχεῖν,
356 2727 428 2786 ὥστε
447 2724 576 2805 κατάγειν
592 2722 728 2782 ἀεκόντων
744 2725 800 2781 τῶν
817 2719 869 2796 τήν
887 2720 973 2781 πόλιν

172 2814 292 2894 ἐχόντων
317 2815 439 2884 Ναξίων·
470 2812 645 2890 πυνθάνομαι
674 2810 730 2893 γάρ
757 2809 973 2889 ὀκτακισχιλίην

171 2903 278 2963 ἀσπίδα
305 2903 440 2972 Ναξίοισι
467 2901 544 2971 εἶναι,
569 2901 615 2960 καὶ
638 2903 727 2960 πλοῖα
748 2897 843 2976 μακρά
865 2901 973 2960 πολλα·

171 2991 374 3071 μηχανήσομαι
387 2991 416 3050 δὲ
426 2994 522 3050 πᾶσαν
532 2989 659 3066 σπουδήν
669 2987 842 3064 ποιεύμενος·
860 2987 974 3046 ἐπινοέω

172 3082 202 3140 δὲ
214 3081 289 3160 τῇδε·
310 3079 502 3158 Ἀρταφέρνης
517 3105 566 3155 μοι
581 3077 713 3158 τυγχάνει
730 3081 781 3136 ε’ὠν
796 3077 890 3152 φίλος·
912 3075 928 3135 ό
945 3075 974 3133 δὲ

118 3213 122 3223 ι
170 3169 340 3229 ΙΥστάσπεω
356 3168 407 3245 μέν
423 3173 484 3226 ἐστι
502 3165 568 3229 πάϊς
583 3166 702 3242 Δαρείου
722 3165 752 3224 δὲ
769 3169 819 3224 τοῦ
835 3163 976 3242 βασιλέος

171 3257 319 3334 ἀδελφεός,
342 3261 398 3316 τῶν
423 3254 445 3314 δ’
468 3254 680 3315 ἐπιθαλασσίων
703 3257 758 3314 τῶν
782 3257 812 3312 ἐν
835 3257 871 3331 τῇ
890 3251 976 3329 Ἀσίη

167 3345 252 3425 άρχει
265 3345 383 3414 πάντων,
398 3345 468 3422 ἔχων
481 3341 617 3420 στρατιήν
629 3367 660 3424 τε
676 3340 789 3420 πολλὴν
804 3342 850 3399 καὶ
863 3339 976 3400 πολλάς
1040 3357 1055 3370 ”
