<?xml version="1.0" encoding="UTF-8"?>
<!DOCTYPE html PUBLIC "-//W3C//DTD XHTML 1.0 Transitional//EN"
    "http://www.w3.org/TR/xhtml1/DTD/xhtml1-transitional.dtd">
<html xmlns="http://www.w3.org/1999/xhtml" xml:lang="en" lang="en">
 <head>
  <title>
</title>
<meta http-equiv="Content-Type" content="text/html;charset=utf-8" />
  <meta name='ocr-system' content='tesseract 3.04.00' />
  <meta name='ocr-capabilities' content='ocr_page ocr_carea ocr_par ocr_line ocrx_word'/>
</head>
<body>
  <div class='ocr_page' id='page_1' title='image "./herodotusrecens02blakgoog_0303.png"; bbox 0 0 2262 3534; ppageno 0'>
   <div class='ocr_carea' id='block_1_1' title="bbox 166 161 1021 3389">
    <p class='ocr_par' dir='ltr' id='par_1_1' title="bbox 166 161 1021 3389">
     <span class='ocr_line' id='line_1_1' title="bbox 176 161 975 231; baseline -0.006 -15"><span class='ocrx_word' id='word_1_1' title='bbox 176 164 270 231; x_wconf 82' lang='lat'>8-11]</span> <span class='ocrx_word' id='word_1_2' title='bbox 479 161 666 213; x_wconf 74' lang='grc' dir='ltr'>τιιιιοαα.</span> <span class='ocrx_word' id='word_1_3' title='bbox 928 165 975 212; x_wconf 75' lang='grc' dir='ltr'>ιιι</span> 
     </span>
     <span class='ocr_line' id='line_1_2' title="bbox 166 241 1013 326; baseline -0.004 -20"><span class='ocrx_word' id='word_1_4' title='bbox 166 249 252 308; x_wconf 66' lang='grc' dir='ltr'>«τοῖσι</span> <span class='ocrx_word' id='word_1_5' title='bbox 271 241 453 326; x_wconf 86' lang='grc' dir='ltr'>όπιγμένοισι</span> <span class='ocrx_word' id='word_1_6' title='bbox 472 243 530 304; x_wconf 69' lang='lat' dir='ltr'><strong><em>‹in-6</em></strong></span> <span class='ocrx_word' id='word_1_7' title='bbox 546 247 602 303; x_wconf 81' lang='grc' dir='ltr'>τῶν</span> <span class='ocrx_word' id='word_1_8' title='bbox 621 243 737 313; x_wconf 89' lang='grc' dir='ltr'>πολίων,</span> <span class='ocrx_word' id='word_1_9' title='bbox 757 242 854 308; x_wconf 77' lang='grc' dir='ltr'>νυκτός</span> <span class='ocrx_word' id='word_1_10' title='bbox 874 244 914 304; x_wconf 80' lang='grc' dir='ltr'>ἐτι</span> <span class='ocrx_word' id='word_1_11' title='bbox 933 248 976 304; x_wconf 86' lang='grc' dir='ltr'>ἐκ·</span> <span class='ocrx_word' id='word_1_12' title='bbox 1003 247 1013 296; x_wconf 80' lang='lat'>.&#39;</span> 
     </span>
     <span class='ocr_line' id='line_1_3' title="bbox 176 331 977 412; baseline -0.002 -20"><span class='ocrx_word' id='word_1_13' title='bbox 176 335 321 410; x_wconf 87' lang='grc' dir='ltr'>πέμπουσι</span> <span class='ocrx_word' id='word_1_14' title='bbox 340 333 585 411; x_wconf 81' lang='grc' dir='ltr'>πεντακισχιλίους</span> <span class='ocrx_word' id='word_1_15' title='bbox 605 331 808 408; x_wconf 74' lang='grc' dir='ltr'>Σπαρτιητέων,</span> <span class='ocrx_word' id='word_1_16' title='bbox 828 331 887 412; x_wconf 84' lang='grc' dir='ltr'>[καὶ</span> <span class='ocrx_word' id='word_1_17' title='bbox 907 331 977 390; x_wconf 75' lang='grc' dir='ltr'>ἐπτιί</span> 
     </span>
     <span class='ocr_line' id='line_1_4' title="bbox 174 418 977 503; baseline -0.004 -23"><span class='ocrx_word' id='word_1_18' title='bbox 174 422 241 498; x_wconf 84' lang='grc' dir='ltr'>’περὶ</span> <span class='ocrx_word' id='word_1_19' title='bbox 259 422 378 480; x_wconf 80' lang='grc' dir='ltr'>ἕκαστον</span> <span class='ocrx_word' id='word_1_20' title='bbox 392 419 524 490; x_wconf 73' lang='grc' dir='ltr'>τάξαντες</span> <span class='ocrx_word' id='word_1_21' title='bbox 538 423 594 479; x_wconf 82' lang='grc' dir='ltr'>τῶν</span> <span class='ocrx_word' id='word_1_22' title='bbox 604 418 751 503; x_wconf 74' lang='grc' dir='ltr'>Ιεἷλεότων,]</span> <span class='ocrx_word' id='word_1_23' title='bbox 774 419 923 497; x_wconf 80' lang='grc' dir='ltr'>Παυσανίῃ</span> <span class='ocrx_word' id='word_1_24' title='bbox 938 423 977 498; x_wconf 75' lang='grc' dir='ltr'>τῷ</span> 
     </span>
     <span class='ocr_line' id='line_1_5' title="bbox 176 506 977 588; baseline -0.002 -20"><span class='ocrx_word' id='word_1_25' title='bbox 176 507 385 585; x_wconf 85' lang='grc' dir='ltr'>Κλεομβρότου</span> <span class='ocrx_word' id='word_1_26' title='bbox 411 507 607 585; x_wconf 78' lang='grc' dir='ltr'>ἐπιτρέψαντες</span> <span class='ocrx_word' id='word_1_27' title='bbox 633 506 750 588; x_wconf 80' lang='grc' dir='ltr'>ἐξάγειν.</span> <span class='ocrx_word' id='word_1_28' title='bbox 791 507 900 588; x_wconf 84' lang='grc' dir='ltr'>ἐγένετο</span> <span class='ocrx_word' id='word_1_29' title='bbox 925 508 977 583; x_wconf 89' lang='grc' dir='ltr'>μέν</span> 
     </span>
     <span class='ocr_line' id='line_1_6' title="bbox 176 593 976 676; baseline -0.004 -19"><span class='ocrx_word' id='word_1_30' title='bbox 176 595 257 672; x_wconf 79' lang='grc' dir='ltr'>νυνῆ</span> <span class='ocrx_word' id='word_1_31' title='bbox 275 595 410 676; x_wconf 80' lang='grc' dir='ltr'>ἡγεμονίη</span> <span class='ocrx_word' id='word_1_32' title='bbox 424 593 627 674; x_wconf 78' lang='grc' dir='ltr'>Πλειστάρχου</span> <span class='ocrx_word' id='word_1_33' title='bbox 645 599 697 654; x_wconf 90' lang='grc' dir='ltr'>τοῦ</span> <span class='ocrx_word' id='word_1_34' title='bbox 709 594 858 654; x_wconf 79' lang='grc' dir='ltr'>Λεωνίδεω·</span> <span class='ocrx_word' id='word_1_35' title='bbox 879 593 944 654; x_wconf 75' lang='grc' dir='ltr'>ἀλλ’</span> <span class='ocrx_word' id='word_1_36' title='bbox 959 593 976 654; x_wconf 81' lang='grc' dir='ltr'>ό</span> 
     </span>
     <span class='ocr_line' id='line_1_7' title="bbox 177 681 976 761; baseline -0.003 -19"><span class='ocrx_word' id='word_1_37' title='bbox 177 685 227 761; x_wconf 81' lang='grc' dir='ltr'>μὲν</span> <span class='ocrx_word' id='word_1_38' title='bbox 253 683 288 760; x_wconf 88' lang='grc' dir='ltr'>ἦν</span> <span class='ocrx_word' id='word_1_39' title='bbox 314 685 355 742; x_wconf 88' lang='grc' dir='ltr'>ἐτι</span> <span class='ocrx_word' id='word_1_40' title='bbox 381 686 454 752; x_wconf 85' lang='grc' dir='ltr'>ταῖς,</span> <span class='ocrx_word' id='word_1_41' title='bbox 481 681 497 742; x_wconf 87' lang='grc' dir='ltr'>ό</span> <span class='ocrx_word' id='word_1_42' title='bbox 521 682 551 741; x_wconf 80' lang='grc' dir='ltr'>δὲ</span> <span class='ocrx_word' id='word_1_43' title='bbox 576 681 677 742; x_wconf 77' lang='grc' dir='ltr'>τούτου</span> <span class='ocrx_word' id='word_1_44' title='bbox 700 681 850 759; x_wconf 89' lang='grc' dir='ltr'>ἐπίτροπός</span> <span class='ocrx_word' id='word_1_45' title='bbox 874 708 906 742; x_wconf 89' lang='grc' dir='ltr'>τε</span> <span class='ocrx_word' id='word_1_46' title='bbox 930 682 976 741; x_wconf 86' lang='grc' dir='ltr'>καὶ</span> 
     </span>
     <span class='ocr_line' id='line_1_8' title="bbox 176 769 976 850; baseline 0 -22"><span class='ocrx_word' id='word_1_47' title='bbox 176 771 297 850; x_wconf 81' lang='grc' dir='ltr'>ἀνεψιός·</span> <span class='ocrx_word' id='word_1_48' title='bbox 319 770 524 847; x_wconf 83' lang='grc' dir='ltr'>Κλεόμβροτος</span> <span class='ocrx_word' id='word_1_49' title='bbox 536 769 600 850; x_wconf 78' lang='grc' dir='ltr'>γάρ,</span> <span class='ocrx_word' id='word_1_50' title='bbox 611 769 627 829; x_wconf 84' lang='grc' dir='ltr'>ὁ</span> <span class='ocrx_word' id='word_1_51' title='bbox 639 770 806 830; x_wconf 81' lang='grc' dir='ltr'>Παυσανίεω</span> <span class='ocrx_word' id='word_1_52' title='bbox 819 769 976 847; x_wconf 73' lang='grc' dir='ltr'>μὲνπατῆρ</span> 
     </span>
     <span class='ocr_line' id='line_1_9' title="bbox 176 856 976 939; baseline -0.003 -21"><span class='ocrx_word' id='word_1_53' title='bbox 176 857 391 937; x_wconf 81' lang='grc' dir='ltr'>Ἀναξανδρίδεω</span> <span class='ocrx_word' id='word_1_54' title='bbox 404 859 434 917; x_wconf 87' lang='grc' dir='ltr'>δέ</span> <span class='ocrx_word' id='word_1_55' title='bbox 449 862 528 928; x_wconf 81' lang='grc' dir='ltr'>παῖς,</span> <span class='ocrx_word' id='word_1_56' title='bbox 538 857 630 917; x_wconf 84' lang='grc' dir='ltr'>οῦκέτι</span> <span class='ocrx_word' id='word_1_57' title='bbox 644 862 753 936; x_wconf 79' lang='grc' dir='ltr'>περιῆν·</span> <span class='ocrx_word' id='word_1_58' title='bbox 773 857 851 917; x_wconf 79' lang='grc' dir='ltr'>άλλά</span> <span class='ocrx_word' id='word_1_59' title='bbox 869 856 976 939; x_wconf 81' lang='grc' dir='ltr'>άπαγα-</span> 
     </span>
     <span class='ocr_line' id='line_1_10' title="bbox 170 944 977 1026; baseline 0.004 -21"><span class='ocrx_word' id='word_1_60' title='bbox 170 947 232 1026; x_wconf 60' lang='grc' dir='ltr'>γοῦν</span> <span class='ocrx_word' id='word_1_61' title='bbox 259 953 289 1006; x_wconf 88' lang='grc' dir='ltr'>ἐκ</span> <span class='ocrx_word' id='word_1_62' title='bbox 315 951 366 1007; x_wconf 89' lang='grc' dir='ltr'>τοῦ</span> <span class='ocrx_word' id='word_1_63' title='bbox 385 946 503 1024; x_wconf 83' lang='grc' dir='ltr'>Ἰσθμοῦ</span> <span class='ocrx_word' id='word_1_64' title='bbox 522 945 574 1022; x_wconf 70' lang='grc' dir='ltr'>τὴν</span> <span class='ocrx_word' id='word_1_65' title='bbox 594 945 730 1024; x_wconf 74' lang='grc' dir='ltr'>στρατιήν</span> <span class='ocrx_word' id='word_1_66' title='bbox 749 944 802 1022; x_wconf 71' lang='grc' dir='ltr'>την</span> <span class='ocrx_word' id='word_1_67' title='bbox 827 946 860 1006; x_wconf 81' lang='grc' dir='ltr'>τό</span> <span class='ocrx_word' id='word_1_68' title='bbox 883 949 977 1025; x_wconf 84' lang='grc' dir='ltr'>τεῖχος</span> 
     </span>
     <span class='ocr_line' id='line_1_11' title="bbox 176 1032 977 1112; baseline -0.001 -19"><span class='ocrx_word' id='word_1_69' title='bbox 176 1035 320 1111; x_wconf 84' lang='grc' dir='ltr'>δείμασαν,</span> <span class='ocrx_word' id='word_1_70' title='bbox 333 1033 406 1112; x_wconf 80' lang='grc' dir='ltr'>μετά</span> <span class='ocrx_word' id='word_1_71' title='bbox 418 1038 507 1094; x_wconf 89' lang='grc' dir='ltr'>ταῦτα</span> <span class='ocrx_word' id='word_1_72' title='bbox 522 1033 554 1092; x_wconf 84' lang='grc' dir='ltr'>οῦ</span> <span class='ocrx_word' id='word_1_73' title='bbox 570 1035 681 1092; x_wconf 78' lang='grc' dir='ltr'>πολλὰν</span> <span class='ocrx_word' id='word_1_74' title='bbox 700 1033 803 1112; x_wconf 86' lang='grc' dir='ltr'>χρόνον</span> <span class='ocrx_word' id='word_1_75' title='bbox 819 1034 881 1094; x_wconf 88' lang='grc' dir='ltr'>τινοὶ</span> <span class='ocrx_word' id='word_1_76' title='bbox 894 1032 977 1110; x_wconf 85' lang='grc' dir='ltr'>βιοῦς</span> 
     </span>
     <span class='ocr_line' id='line_1_12' title="bbox 176 1121 976 1204; baseline -0.001 -23"><span class='ocrx_word' id='word_1_77' title='bbox 176 1121 306 1182; x_wconf 73' lang='grc' dir='ltr'>ἀπέθανε.</span> <span class='ocrx_word' id='word_1_78' title='bbox 347 1123 452 1204; x_wconf 80' lang='grc' dir='ltr'>(άπῆγε</span> <span class='ocrx_word' id='word_1_79' title='bbox 466 1122 496 1181; x_wconf 84' lang='grc' dir='ltr'>δέ</span> <span class='ocrx_word' id='word_1_80' title='bbox 510 1121 563 1198; x_wconf 69' lang='grc' dir='ltr'>τὴν</span> <span class='ocrx_word' id='word_1_81' title='bbox 578 1121 713 1198; x_wconf 77' lang='grc' dir='ltr'>στρατιήν</span> <span class='ocrx_word' id='word_1_82' title='bbox 733 1121 751 1182; x_wconf 82' lang='grc' dir='ltr'>ό</span> <span class='ocrx_word' id='word_1_83' title='bbox 771 1121 976 1199; x_wconf 83' lang='grc' dir='ltr'>Κλεόμβροτος</span> 
     </span>
     <span class='ocr_line' id='line_1_13' title="bbox 176 1209 975 1289; baseline -0.001 -21"><span class='ocrx_word' id='word_1_84' title='bbox 176 1214 207 1268; x_wconf 90' lang='grc' dir='ltr'>ἐκ</span> <span class='ocrx_word' id='word_1_85' title='bbox 219 1213 269 1270; x_wconf 90' lang='grc' dir='ltr'>τοῦ</span> <span class='ocrx_word' id='word_1_86' title='bbox 282 1209 401 1288; x_wconf 88' lang='grc' dir='ltr'>Ἰσθμοῦ</span> <span class='ocrx_word' id='word_1_87' title='bbox 415 1210 461 1269; x_wconf 83' lang='grc' dir='ltr'>διά</span> <span class='ocrx_word' id='word_1_88' title='bbox 471 1209 546 1270; x_wconf 89' lang='grc' dir='ltr'>τόδε·</span> <span class='ocrx_word' id='word_1_89' title='bbox 566 1209 691 1288; x_wconf 76' lang='grc' dir='ltr'>θυομένῳ</span> <span class='ocrx_word' id='word_1_90' title='bbox 704 1213 731 1269; x_wconf 83' lang='grc' dir='ltr'>οἱ</span> <span class='ocrx_word' id='word_1_91' title='bbox 751 1210 797 1269; x_wconf 88' lang='grc' dir='ltr'>ἐπὶ</span> <span class='ocrx_word' id='word_1_92' title='bbox 812 1213 851 1289; x_wconf 77' lang='grc' dir='ltr'>τῷ</span> <span class='ocrx_word' id='word_1_93' title='bbox 866 1210 975 1288; x_wconf 78' lang='grc' dir='ltr'>Πέρση,</span> 
     </span>
     <span class='ocr_line' id='line_1_14' title="bbox 176 1295 977 1378; baseline -0.001 -21"><span class='ocrx_word' id='word_1_94' title='bbox 176 1297 286 1374; x_wconf 84' lang='grc' dir='ltr'>όῆλιος</span> <span class='ocrx_word' id='word_1_95' title='bbox 302 1297 454 1376; x_wconf 74' lang='grc' dir='ltr'>ἀμαυρώθη</span> <span class='ocrx_word' id='word_1_96' title='bbox 468 1301 548 1376; x_wconf 78' lang='grc' dir='ltr'>ἐντῷ</span> <span class='ocrx_word' id='word_1_97' title='bbox 566 1295 692 1378; x_wconf 78' lang='grc' dir='ltr'>οῦρανῷ.)</span> <span class='ocrx_word' id='word_1_98' title='bbox 733 1298 931 1374; x_wconf 80' lang='grc' dir='ltr'>προσαιρέεται</span> <span class='ocrx_word' id='word_1_99' title='bbox 947 1297 977 1356; x_wconf 88' lang='grc' dir='ltr'>δέ</span> 
     </span>
     <span class='ocr_line' id='line_1_15' title="bbox 176 1383 978 1468; baseline 0 -24"><span class='ocrx_word' id='word_1_100' title='bbox 176 1388 266 1464; x_wconf 75' lang='grc' dir='ltr'>ἐαυτῷ</span> <span class='ocrx_word' id='word_1_101' title='bbox 286 1387 450 1462; x_wconf 85' lang='grc' dir='ltr'>Παυσανίης</span> <span class='ocrx_word' id='word_1_102' title='bbox 469 1383 651 1462; x_wconf 73' lang='grc' dir='ltr'>Εὐρυάνακτα</span> <span class='ocrx_word' id='word_1_103' title='bbox 671 1384 722 1468; x_wconf 83' lang='grc' dir='ltr'>τόν</span> <span class='ocrx_word' id='word_1_104' title='bbox 742 1385 871 1462; x_wconf 88' lang='grc' dir='ltr'>Δωριέος,</span> <span class='ocrx_word' id='word_1_105' title='bbox 891 1383 978 1462; x_wconf 79' lang='grc' dir='ltr'>ἄνδρα</span> 
     </span>
     <span class='ocr_line' id='line_1_16' title="bbox 176 1471 1021 1552; baseline 0.001 -20"><span class='ocrx_word' id='word_1_106' title='bbox 176 1475 263 1550; x_wconf 77' lang='grc' dir='ltr'>οἰκίης</span> <span class='ocrx_word' id='word_1_107' title='bbox 278 1473 359 1534; x_wconf 89' lang='grc' dir='ltr'>ἐόντα</span> <span class='ocrx_word' id='word_1_108' title='bbox 373 1477 424 1550; x_wconf 80' lang='grc' dir='ltr'>τῆς</span> <span class='ocrx_word' id='word_1_109' title='bbox 444 1472 537 1549; x_wconf 77' lang='grc' dir='ltr'>αι’πῆς.</span> <span class='ocrx_word' id='word_1_110' title='bbox 580 1475 617 1532; x_wconf 86' lang='grc' dir='ltr'>Οἱ</span> <span class='ocrx_word' id='word_1_111' title='bbox 636 1471 738 1549; x_wconf 75' lang='grc' dir='ltr'>μὲνδὴ</span> <span class='ocrx_word' id='word_1_112' title='bbox 756 1473 810 1533; x_wconf 83' lang='grc' dir='ltr'>σῦν</span> <span class='ocrx_word' id='word_1_113' title='bbox 828 1473 1021 1552; x_wconf 79' lang='grc' dir='ltr'>ΠαυσανίηῙῙ</span> 
     </span>
     <span class='ocr_line' id='line_1_17' title="bbox 168 1559 978 1642; baseline -0.001 -22"><span class='ocrx_word' id='word_1_114' title='bbox 168 1562 383 1638; x_wconf 55' lang='grc' dir='ltr'>γἐξεληλύθεσαν</span> <span class='ocrx_word' id='word_1_115' title='bbox 413 1561 463 1631; x_wconf 79' lang='grc' dir='ltr'>ἔξω</span> <span class='ocrx_word' id='word_1_116' title='bbox 494 1559 634 1638; x_wconf 78' lang='grc' dir='ltr'>Σπάρτης·</span> <span class='ocrx_word' id='word_1_117' title='bbox 676 1563 703 1620; x_wconf 82' lang='grc' dir='ltr'>οἱ</span> <span class='ocrx_word' id='word_1_118' title='bbox 729 1560 759 1620; x_wconf 85' lang='grc' dir='ltr'>δὲ</span> <span class='ocrx_word' id='word_1_119' title='bbox 785 1559 910 1642; x_wconf 79' lang='grc' dir='ltr'>ἄγγελοι,</span> <span class='ocrx_word' id='word_1_120' title='bbox 943 1561 978 1624; x_wconf 79' lang='grc' dir='ltr'>ὦς</span> 
     </span>
     <span class='ocr_line' id='line_1_18' title="bbox 175 1646 978 1732; baseline -0.004 -22"><span class='ocrx_word' id='word_1_121' title='bbox 175 1649 265 1728; x_wconf 80' lang='grc' dir='ltr'>ἡμέρη</span> <span class='ocrx_word' id='word_1_122' title='bbox 279 1649 412 1732; x_wconf 76' lang='grc' dir='ltr'>ἐγεγόνεε,</span> <span class='ocrx_word' id='word_1_123' title='bbox 427 1649 505 1709; x_wconf 80' lang='grc' dir='ltr'>οόδέν</span> <span class='ocrx_word' id='word_1_124' title='bbox 519 1646 621 1712; x_wconf 80' lang='grc' dir='ltr'>εἰδότες</span> <span class='ocrx_word' id='word_1_125' title='bbox 632 1648 697 1725; x_wconf 86' lang='grc' dir='ltr'>περὶ</span> <span class='ocrx_word' id='word_1_126' title='bbox 712 1651 762 1724; x_wconf 78' lang='grc' dir='ltr'>τῆς</span> <span class='ocrx_word' id='word_1_127' title='bbox 781 1647 877 1718; x_wconf 78' lang='grc' dir='ltr'>ἐξόδου</span> <span class='ocrx_word' id='word_1_128' title='bbox 891 1650 978 1724; x_wconf 75' lang='grc' dir='ltr'>ἐπῆλ-</span> 
     </span>
     <span class='ocr_line' id='line_1_19' title="bbox 170 1735 977 1817; baseline -0.002 -20"><span class='ocrx_word' id='word_1_129' title='bbox 170 1737 227 1798; x_wconf 79' lang='grc' dir='ltr'>’θον</span> <span class='ocrx_word' id='word_1_130' title='bbox 240 1739 285 1798; x_wconf 84' lang='grc' dir='ltr'>ἐπὶ</span> <span class='ocrx_word' id='word_1_131' title='bbox 298 1739 363 1802; x_wconf 86' lang='grc' dir='ltr'>τοῦς</span> <span class='ocrx_word' id='word_1_132' title='bbox 377 1738 503 1815; x_wconf 83' lang='grc' dir='ltr'>ἐφόρους,</span> <span class='ocrx_word' id='word_1_133' title='bbox 515 1743 543 1797; x_wconf 90' lang='grc' dir='ltr'>ἐν</span> <span class='ocrx_word' id='word_1_134' title='bbox 552 1737 606 1817; x_wconf 78' lang='grc' dir='ltr'>νόῳ</span> <span class='ocrx_word' id='word_1_135' title='bbox 620 1736 654 1812; x_wconf 78' lang='grc' dir='ltr'>δὴ</span> <span class='ocrx_word' id='word_1_136' title='bbox 669 1738 778 1816; x_wconf 82' lang='grc' dir='ltr'>ἔχοντες</span> <span class='ocrx_word' id='word_1_137' title='bbox 791 1735 977 1796; x_wconf 77' lang='grc' dir='ltr'>ἀπαλλάσσε-</span> 
     </span>
     <span class='ocr_line' id='line_1_20' title="bbox 176 1823 978 1902; baseline 0.005 -18"><span class='ocrx_word' id='word_1_138' title='bbox 176 1828 244 1886; x_wconf 90' lang='grc' dir='ltr'>σθαι</span> <span class='ocrx_word' id='word_1_139' title='bbox 257 1828 303 1886; x_wconf 88' lang='grc' dir='ltr'>καὶ</span> <span class='ocrx_word' id='word_1_140' title='bbox 319 1825 399 1888; x_wconf 74' lang='grc' dir='ltr'>αὐτοὶ</span> <span class='ocrx_word' id='word_1_141' title='bbox 415 1827 461 1885; x_wconf 86' lang='grc' dir='ltr'>ἐπὶ</span> <span class='ocrx_word' id='word_1_142' title='bbox 478 1825 531 1902; x_wconf 72' lang='grc' dir='ltr'>την</span> <span class='ocrx_word' id='word_1_143' title='bbox 549 1829 649 1886; x_wconf 81' lang='grc' dir='ltr'>ἑωυτοῦ</span> <span class='ocrx_word' id='word_1_144' title='bbox 666 1827 793 1889; x_wconf 83' lang='grc' dir='ltr'>ἔκαστος·</span> <span class='ocrx_word' id='word_1_145' title='bbox 814 1823 978 1888; x_wconf 83' lang='grc' dir='ltr'>ἐπελθόντες</span> 
     </span>
     <span class='ocr_line' id='line_1_21' title="bbox 176 1911 978 1996; baseline -0.001 -24"><span class='ocrx_word' id='word_1_146' title='bbox 176 1913 206 1972; x_wconf 87' lang='grc' dir='ltr'>δὲ</span> <span class='ocrx_word' id='word_1_147' title='bbox 223 1916 321 1996; x_wconf 79' lang='grc' dir='ltr'>ἔλεγον</span> <span class='ocrx_word' id='word_1_148' title='bbox 337 1913 415 1974; x_wconf 84' lang='grc' dir='ltr'>τάδε·</span> <span class='ocrx_word' id='word_1_149' title='bbox 436 1913 515 1992; x_wconf 82' lang='grc' dir='ltr'>ῦμεῖς</span> <span class='ocrx_word' id='word_1_150' title='bbox 532 1916 592 1988; x_wconf 81' lang='grc' dir='ltr'>μὲν,</span> <span class='ocrx_word' id='word_1_151' title='bbox 611 1912 632 1972; x_wconf 79' lang='grc' dir='ltr'><strong><em>ὦ</em></strong></span> <span class='ocrx_word' id='word_1_152' title='bbox 648 1913 870 1989; x_wconf 87' lang='grc' dir='ltr'>Λακεδαιμόνιοι,</span> <span class='ocrx_word' id='word_1_153' title='bbox 892 1911 978 1972; x_wconf 84' lang='grc' dir='ltr'>αῦτοῦ</span> 
     </span>
     <span class='ocr_line' id='line_1_22' title="bbox 175 1999 977 2082; baseline -0.006 -19"><span class='ocrx_word' id='word_1_154' title='bbox 175 2003 242 2082; x_wconf 75' lang='grc' dir='ltr'>τῇδε</span> <span class='ocrx_word' id='word_1_155' title='bbox 254 2005 384 2080; x_wconf 84' lang='grc' dir='ltr'>μένοντες</span> <span class='ocrx_word' id='word_1_156' title='bbox 395 2001 540 2061; x_wconf 82' lang='grc' dir='ltr'>Ὑακίνθιά</span> <span class='ocrx_word' id='word_1_157' title='bbox 552 2026 583 2060; x_wconf 92' lang='grc' dir='ltr'>τε</span> <span class='ocrx_word' id='word_1_158' title='bbox 599 1999 681 2080; x_wconf 84' lang='grc' dir='ltr'>άγετε</span> <span class='ocrx_word' id='word_1_159' title='bbox 697 2002 743 2059; x_wconf 88' lang='grc' dir='ltr'>καὶ</span> <span class='ocrx_word' id='word_1_160' title='bbox 763 2001 875 2070; x_wconf 83' lang='grc' dir='ltr'>παίζετε</span> <span class='ocrx_word' id='word_1_161' title='bbox 896 2025 977 2058; x_wconf 88' lang='grc' dir='ltr'>κατα·</span> 
     </span>
     <span class='ocr_line' id='line_1_23' title="bbox 175 2086 977 2169; baseline -0.006 -19"><span class='ocrx_word' id='word_1_162' title='bbox 175 2092 325 2169; x_wconf 87' lang='grc' dir='ltr'>προδόντες</span> <span class='ocrx_word' id='word_1_163' title='bbox 337 2092 402 2154; x_wconf 79' lang='grc' dir='ltr'>τοῦς</span> <span class='ocrx_word' id='word_1_164' title='bbox 414 2087 590 2167; x_wconf 87' lang='grc' dir='ltr'>συμμάχους·</span> <span class='ocrx_word' id='word_1_165' title='bbox 610 2086 755 2163; x_wconf 82' lang='grc' dir='ltr'>Ἀθηναῖοι</span> <span class='ocrx_word' id='word_1_166' title='bbox 770 2087 807 2156; x_wconf 88' lang='grc' dir='ltr'>δέ,</span> <span class='ocrx_word' id='word_1_167' title='bbox 822 2087 857 2149; x_wconf 73' lang='grc' dir='ltr'>(ῦς</span> <span class='ocrx_word' id='word_1_168' title='bbox 872 2087 977 2146; x_wconf 86' lang='grc' dir='ltr'>άδικεό-</span> 
     </span>
     <span class='ocr_line' id='line_1_24' title="bbox 176 2173 979 2257; baseline -0.009 -17"><span class='ocrx_word' id='word_1_169' title='bbox 176 2205 255 2256; x_wconf 91' lang='grc' dir='ltr'>μενοι</span> <span class='ocrx_word' id='word_1_170' title='bbox 271 2179 326 2239; x_wconf 84' lang='grc' dir='ltr'>ῦπδ</span> <span class='ocrx_word' id='word_1_171' title='bbox 341 2178 439 2256; x_wconf 85' lang='grc' dir='ltr'>ῦμέων,</span> <span class='ocrx_word' id='word_1_172' title='bbox 458 2177 524 2257; x_wconf 68' lang='grc' dir='ltr'>χίμι</span> <span class='ocrx_word' id='word_1_173' title='bbox 542 2175 699 2254; x_wconf 86' lang='grc' dir='ltr'>συμμάχων</span> <span class='ocrx_word' id='word_1_174' title='bbox 715 2173 922 2236; x_wconf 67' lang='grc' dir='ltr'>καταλύσοντα</span> <span class='ocrx_word' id='word_1_175' title='bbox 940 2178 979 2254; x_wconf 75' lang='grc' dir='ltr'>τῷ</span> 
     </span>
     <span class='ocr_line' id='line_1_25' title="bbox 178 2262 976 2348; baseline -0.008 -20"><span class='ocrx_word' id='word_1_176' title='bbox 178 2270 278 2348; x_wconf 82' lang='grc' dir='ltr'>Πέρση</span> <span class='ocrx_word' id='word_1_177' title='bbox 299 2267 371 2328; x_wconf 80' lang='grc' dir='ltr'>οὕτω</span> <span class='ocrx_word' id='word_1_178' title='bbox 390 2267 459 2330; x_wconf 84' lang='grc' dir='ltr'>ὅκως</span> <span class='ocrx_word' id='word_1_179' title='bbox 479 2264 513 2326; x_wconf 77' lang='grc' dir='ltr'>δν</span> <span class='ocrx_word' id='word_1_180' title='bbox 532 2265 673 2325; x_wconf 80' lang='grc' dir='ltr'>δύνωνται·</span> <span class='ocrx_word' id='word_1_181' title='bbox 694 2262 919 2340; x_wconf 87' lang='grc' dir='ltr'>καταλυσάμενοι</span> <span class='ocrx_word' id='word_1_182' title='bbox 939 2263 976 2334; x_wconf 83' lang='grc' dir='ltr'>δέ,</span> 
     </span>
     <span class='ocr_line' id='line_1_26' title="bbox 178 2351 976 2438; baseline -0.005 -22"><span class='ocrx_word' id='word_1_183' title='bbox 178 2356 252 2434; x_wconf 82' lang='grc' dir='ltr'>δῆλα</span> <span class='ocrx_word' id='word_1_184' title='bbox 263 2357 320 2438; x_wconf 75' lang='grc' dir='ltr'>γάρ</span> <span class='ocrx_word' id='word_1_185' title='bbox 337 2356 372 2432; x_wconf 72' lang='grc' dir='ltr'>δὴ</span> <span class='ocrx_word' id='word_1_186' title='bbox 391 2355 435 2416; x_wconf 74' lang='grc' dir='ltr'>ὅτι</span> <span class='ocrx_word' id='word_1_187' title='bbox 451 2355 599 2432; x_wconf 81' lang='grc' dir='ltr'>σύμμαχοι</span> <span class='ocrx_word' id='word_1_188' title='bbox 614 2353 753 2430; x_wconf 89' lang='grc' dir='ltr'>βασιλέος</span> <span class='ocrx_word' id='word_1_189' title='bbox 770 2351 914 2432; x_wconf 88' lang='grc' dir='ltr'>γινόμεθα,</span> <span class='ocrx_word' id='word_1_190' title='bbox 928 2377 976 2412; x_wconf 83' lang='grc' dir='ltr'>συ-</span> 
     </span>
     <span class='ocr_line' id='line_1_27' title="bbox 178 2440 978 2522; baseline -0.005 -16"><span class='ocrx_word' id='word_1_191' title='bbox 178 2445 409 2522; x_wconf 84' lang='grc' dir='ltr'>στρατευσόμεθα</span> <span class='ocrx_word' id='word_1_192' title='bbox 422 2444 469 2503; x_wconf 87' lang='grc' dir='ltr'>ἐπὶ</span> <span class='ocrx_word' id='word_1_193' title='bbox 480 2443 534 2518; x_wconf 77' lang='grc' dir='ltr'>την</span> <span class='ocrx_word' id='word_1_194' title='bbox 546 2440 582 2502; x_wconf 81' lang='grc' dir='ltr'>ἂν</span> <span class='ocrx_word' id='word_1_195' title='bbox 594 2445 692 2501; x_wconf 84' lang='grc' dir='ltr'>ἐκεῖνοι</span> <span class='ocrx_word' id='word_1_196' title='bbox 706 2441 880 2522; x_wconf 82' lang='grc' dir='ltr'>ἐξηγέωνται·</span> <span class='ocrx_word' id='word_1_197' title='bbox 900 2440 978 2518; x_wconf 83' lang='grc' dir='ltr'>ῦμεῖς</span> 
     </span>
     <span class='ocr_line' id='line_1_28' title="bbox 177 2527 978 2610; baseline -0.007 -18"><span class='ocrx_word' id='word_1_198' title='bbox 177 2533 206 2592; x_wconf 87' lang='grc' dir='ltr'>δέ</span> <span class='ocrx_word' id='word_1_199' title='bbox 219 2534 253 2593; x_wconf 83' lang='grc' dir='ltr'>τδ</span> <span class='ocrx_word' id='word_1_200' title='bbox 266 2535 391 2594; x_wconf 85' lang='grc' dir='ltr'>ἐνθεῦτεν</span> <span class='ocrx_word' id='word_1_201' title='bbox 400 2532 567 2610; x_wconf 83' lang='grc' dir='ltr'>μαθήσεσθε</span> <span class='ocrx_word' id='word_1_202' title='bbox 581 2529 674 2590; x_wconf 78' lang='grc' dir='ltr'>ὁκοῖον</span> <span class='ocrx_word' id='word_1_203' title='bbox 684 2528 718 2589; x_wconf 88' lang='grc' dir='ltr'>άν</span> <span class='ocrx_word' id='word_1_204' title='bbox 730 2555 758 2588; x_wconf 91' lang='grc' dir='ltr'>τι</span> <span class='ocrx_word' id='word_1_205' title='bbox 770 2527 837 2604; x_wconf 85' lang='grc' dir='ltr'>ῦμῖν</span> <span class='ocrx_word' id='word_1_206' title='bbox 850 2528 882 2598; x_wconf 79' lang='grc' dir='ltr'>ἐξ</span> <span class='ocrx_word' id='word_1_207' title='bbox 893 2527 978 2588; x_wconf 80' lang='grc' dir='ltr'>αῦτοῦ</span> 
     </span>
     <span class='ocr_line' id='line_1_29' title="bbox 178 2617 978 2702; baseline -0.008 -22"><span class='ocrx_word' id='word_1_208' title='bbox 178 2621 320 2702; x_wconf 83' lang='grc' dir='ltr'>ἐκβαίνη.”</span> <span class='ocrx_word' id='word_1_209' title='bbox 360 2625 448 2682; x_wconf 86' lang='grc' dir='ltr'>ταῦτα</span> <span class='ocrx_word' id='word_1_210' title='bbox 463 2619 602 2702; x_wconf 87' lang='grc' dir='ltr'>λεγόντων</span> <span class='ocrx_word' id='word_1_211' title='bbox 618 2621 674 2678; x_wconf 80' lang='grc' dir='ltr'>τῶν</span> <span class='ocrx_word' id='word_1_212' title='bbox 689 2617 825 2700; x_wconf 87' lang='grc' dir='ltr'>α’γγέλων,</span> <span class='ocrx_word' id='word_1_213' title='bbox 840 2619 867 2676; x_wconf 83' lang='grc' dir='ltr'>οί</span> <span class='ocrx_word' id='word_1_214' title='bbox 881 2617 978 2694; x_wconf 81' lang='grc' dir='ltr'>ἔφοροι</span> 
     </span>
     <span class='ocr_line' id='line_1_30' title="bbox 179 2705 979 2788; baseline -0.006 -19"><span class='ocrx_word' id='word_1_215' title='bbox 179 2709 258 2771; x_wconf 79' lang='grc' dir='ltr'>εἶπαν</span> <span class='ocrx_word' id='word_1_216' title='bbox 278 2710 319 2771; x_wconf 82' lang='grc' dir='ltr'>ἐπ’</span> <span class='ocrx_word' id='word_1_217' title='bbox 340 2710 432 2788; x_wconf 87' lang='grc' dir='ltr'>ὅρκου,</span> <span class='ocrx_word' id='word_1_218' title='bbox 449 2711 496 2769; x_wconf 87' lang='grc' dir='ltr'>καὶ</span> <span class='ocrx_word' id='word_1_219' title='bbox 516 2707 550 2786; x_wconf 75' lang='grc' dir='ltr'>δὴ</span> <span class='ocrx_word' id='word_1_220' title='bbox 571 2708 674 2767; x_wconf 89' lang='grc' dir='ltr'>δοκέειν</span> <span class='ocrx_word' id='word_1_221' title='bbox 695 2707 764 2766; x_wconf 79' lang='grc' dir='ltr'>εἶναι</span> <span class='ocrx_word' id='word_1_222' title='bbox 784 2710 813 2765; x_wconf 86' lang='grc' dir='ltr'>ἐν</span> <span class='ocrx_word' id='word_1_223' title='bbox 828 2705 979 2784; x_wconf 71' lang='grc' dir='ltr'>Ὀρεστείῳ</span> 
     </span>
     <span class='ocr_line' id='line_1_31' title="bbox 181 2793 979 2879; baseline -0.01 -20"><span class='ocrx_word' id='word_1_224' title='bbox 181 2799 341 2879; x_wconf 87' lang='grc' dir='ltr'>στείχοντας</span> <span class='ocrx_word' id='word_1_225' title='bbox 361 2797 407 2859; x_wconf 86' lang='grc' dir='ltr'>ἐπὶ</span> <span class='ocrx_word' id='word_1_226' title='bbox 426 2799 491 2862; x_wconf 81' lang='grc' dir='ltr'>τοῦς</span> <span class='ocrx_word' id='word_1_227' title='bbox 511 2797 624 2867; x_wconf 82' lang='grc' dir='ltr'>ξείνους·</span> <span class='ocrx_word' id='word_1_228' title='bbox 650 2794 768 2874; x_wconf 79' lang='grc' dir='ltr'>(ξείνους</span> <span class='ocrx_word' id='word_1_229' title='bbox 787 2793 842 2875; x_wconf 83' lang='grc' dir='ltr'>γάρ</span> <span class='ocrx_word' id='word_1_230' title='bbox 863 2793 979 2853; x_wconf 84' lang='grc' dir='ltr'>ἐκάλεον</span> 
     </span>
     <span class='ocr_line' id='line_1_32' title="bbox 181 2879 979 2967; baseline -0.008 -21"><span class='ocrx_word' id='word_1_231' title='bbox 181 2887 242 2952; x_wconf 82' lang='grc' dir='ltr'>τοῦς</span> <span class='ocrx_word' id='word_1_232' title='bbox 253 2886 441 2967; x_wconf 82' lang='grc' dir='ltr'>βαρβάρους)</span> <span class='ocrx_word' id='word_1_233' title='bbox 463 2891 490 2947; x_wconf 83' lang='grc' dir='ltr'>οἶ</span> <span class='ocrx_word' id='word_1_234' title='bbox 504 2887 533 2946; x_wconf 86' lang='grc' dir='ltr'>δέ</span> <span class='ocrx_word' id='word_1_235' title='bbox 547 2885 583 2947; x_wconf 70' lang='grc' dir='ltr'>οἷς</span> <span class='ocrx_word' id='word_1_236' title='bbox 596 2883 645 2944; x_wconf 85' lang='grc' dir='ltr'>οῦκ</span> <span class='ocrx_word' id='word_1_237' title='bbox 661 2883 761 2948; x_wconf 73' lang='grc' dir='ltr'>εἰδότες</span> <span class='ocrx_word' id='word_1_238' title='bbox 774 2881 937 2959; x_wconf 74' lang='grc' dir='ltr'>ἐπειρώτεον</span> <span class='ocrx_word' id='word_1_239' title='bbox 945 2879 979 2940; x_wconf 82' lang='grc' dir='ltr'>τό</span> 
     </span>
     <span class='ocr_line' id='line_1_33' title="bbox 182 2968 978 3056; baseline -0.009 -22"><span class='ocrx_word' id='word_1_240' title='bbox 182 2975 340 3056; x_wconf 88' lang='grc' dir='ltr'>λεγόμενον,</span> <span class='ocrx_word' id='word_1_241' title='bbox 367 2975 539 3053; x_wconf 85' lang='grc' dir='ltr'>ἐπειρόμενοι</span> <span class='ocrx_word' id='word_1_242' title='bbox 565 2974 595 3032; x_wconf 82' lang='grc' dir='ltr'>δέ</span> <span class='ocrx_word' id='word_1_243' title='bbox 622 2973 757 3048; x_wconf 76' lang='grc' dir='ltr'>ἐξέμαθον</span> <span class='ocrx_word' id='word_1_244' title='bbox 782 2969 897 3030; x_wconf 67' lang='grc' dir='ltr'>πᾶν.τὸ</span> <span class='ocrx_word' id='word_1_245' title='bbox 924 2968 978 3027; x_wconf 88' lang='grc' dir='ltr'>ἐόν·</span> 
     </span>
     <span class='ocr_line' id='line_1_34' title="bbox 181 3057 980 3144; baseline -0.011 -21"><span class='ocrx_word' id='word_1_246' title='bbox 181 3062 252 3123; x_wconf 81' lang='grc' dir='ltr'>ὥστε</span> <span class='ocrx_word' id='word_1_247' title='bbox 266 3070 295 3124; x_wconf 92' lang='grc' dir='ltr'>ἐν</span> <span class='ocrx_word' id='word_1_248' title='bbox 308 3065 416 3142; x_wconf 86' lang='grc' dir='ltr'>θιόματι</span> <span class='ocrx_word' id='word_1_249' title='bbox 427 3063 579 3144; x_wconf 86' lang='grc' dir='ltr'>γενόμενοι,</span> <span class='ocrx_word' id='word_1_250' title='bbox 594 3059 757 3136; x_wconf 76' lang='grc' dir='ltr'>ἐπορεύοντο</span> <span class='ocrx_word' id='word_1_251' title='bbox 774 3057 828 3133; x_wconf 74' lang='grc' dir='ltr'>τήν</span> <span class='ocrx_word' id='word_1_252' title='bbox 842 3057 980 3134; x_wconf 85' lang='grc' dir='ltr'>ταχίστην</span> 
     </span>
     <span class='ocr_line' id='line_1_35' title="bbox 181 3142 981 3224; baseline -0.013 -14"><span class='ocrx_word' id='word_1_253' title='bbox 181 3151 331 3216; x_wconf 79' lang='grc' dir='ltr'>διώκοντες·</span> <span class='ocrx_word' id='word_1_254' title='bbox 373 3151 427 3212; x_wconf 83' lang='grc' dir='ltr'>σῦν</span> <span class='ocrx_word' id='word_1_255' title='bbox 452 3152 484 3211; x_wconf 89' lang='grc' dir='ltr'>δέ</span> <span class='ocrx_word' id='word_1_256' title='bbox 509 3156 573 3224; x_wconf 78' lang='grc' dir='ltr'>σφι,</span> <span class='ocrx_word' id='word_1_257' title='bbox 599 3152 655 3208; x_wconf 85' lang='grc' dir='ltr'>τῦν</span> <span class='ocrx_word' id='word_1_258' title='bbox 681 3146 826 3223; x_wconf 88' lang='grc' dir='ltr'>περιοίκων</span> <span class='ocrx_word' id='word_1_259' title='bbox 848 3142 981 3202; x_wconf 85' lang='grc' dir='ltr'>Δακεδαι-</span> 
     </span>
     <span class='ocr_line' id='line_1_36' title="bbox 180 3229 981 3325; baseline -0.011 -26"><span class='ocrx_word' id='word_1_260' title='bbox 180 3242 281 3318; x_wconf 89' lang='grc' dir='ltr'>μονίων</span> <span class='ocrx_word' id='word_1_261' title='bbox 299 3239 418 3325; x_wconf 88' lang='grc' dir='ltr'>λογάδες</span> <span class='ocrx_word' id='word_1_262' title='bbox 434 3237 659 3316; x_wconf 68' lang='grc' dir='ltr'>πεντακισχίλιοι</span> <span class='ocrx_word' id='word_1_263' title='bbox 672 3233 786 3294; x_wconf 81' lang='grc' dir='ltr'>ὁπλῖται</span> <span class='ocrx_word' id='word_1_264' title='bbox 795 3229 884 3292; x_wconf 71' lang='grc' dir='ltr'>ποίυτδ</span> <span class='ocrx_word' id='word_1_265' title='bbox 897 3233 981 3291; x_wconf 83' lang='grc' dir='ltr'>τοῦτο</span> 
     </span>
     <span class='ocr_line' id='line_1_37' title="bbox 182 3329 297 3389; baseline 0.009 -2"><span class='ocrx_word' id='word_1_266' title='bbox 182 3329 297 3389; x_wconf 86' lang='grc' dir='ltr'>ἐποίεον.</span> 
     </span>
    </p>
   </div>
   <div class='ocr_carea' id='block_1_2' title="bbox 0 0 1144 3534">
    <p class='ocr_par' dir='ltr' id='par_1_2' title="bbox 0 0 1144 3534">
     <span class='ocr_line' id='line_1_38' title="bbox 0 0 1144 3534; baseline 0 0"><span class='ocrx_word' id='word_1_267' title='bbox 0 0 1144 3534; x_wconf 95' lang='lat' dir='ltr'> </span> 
     </span>
    </p>
   </div>
  </div>
 </body>
</html>
