2268 3536
184 147 214 196 ιι
489 143 671 191 Ἧνοιοτοτ
918 138 981 203 [VI.

185 221 333 297 Μιλησίου
360 222 592 297 πολιορκηθέντες
619 221 664 279 καί
690 219 836 296 προσόδων
864 220 984 279 ἐουσέων

184 309 336 390 μεγαλέων,
352 310 481 388 ἐχρέοντο
498 314 575 369 τοῖσι
593 308 722 388 χρήμασι
743 313 808 371 ναῦς
829 334 860 366 τε
881 333 984 384 ναυπη-

184 395 313 476 γεύμενοι
326 397 434 474 μακράς
448 398 493 455 καί
506 402 599 476 τεῖχος
617 396 797 474 ἰσχυρότερον
810 396 983 472 περιβαλλό-

184 509 272 560 μενοι.
304 483 323 559 ή
337 485 367 544 δὲ
379 484 520 562 πρόσοδός
533 492 589 560 σφι
603 485 707 564 ἐγίνετο
721 485 750 543 ἐκ
763 509 793 542 τε
806 488 857 559 τῆς
869 482 985 560 ἠπείρου

186 573 232 630 καὶ
253 572 309 632 α’πδ
331 577 386 632 τῶν
406 572 563 648 μετάλλων·
586 578 615 630 ἐκ
633 572 685 648 μέν
702 597 735 652 γε
753 576 806 631 τῶν
825 577 854 631 ἐν
869 573 985 649 Σκαπτῇ

180 659 265 739 Ὕλῃ,
278 665 333 720 τῶν
346 662 473 739 χρυσέων
485 657 641 736 μετάλλων,
655 658 688 718 τό
708 661 809 719 ἐπίπαν
828 659 986 739 ὀγδώκοντα

185 748 311 807 τάλαντα
324 747 454 823 προσήῐε·
476 753 506 806 ἐκ
520 746 549 806 δὲ
562 752 617 806 τῶν
636 753 665 806 ἐν
685 747 757 825 αὐτῇ
769 747 855 827 Θάσῳ
869 747 985 807 ἐλάσσω

185 838 237 910 μὲν
255 835 367 902 τούτων,
382 834 479 913 ’συχνά
499 835 528 894 δὲ
547 836 617 895 οὕτω
636 836 709 896 ὥστε
729 837 762 896 τό
784 837 885 895 ἐπίπαν
899 837 985 895 Θασί-

186 948 253 991 οισι,
279 925 356 981 ἐοῦσι
379 927 492 999 καρπῶν
513 924 635 994 άτελέσι,
660 924 782 1002 προσήῖε
803 923 860 983 άπό
883 951 914 983 τε
936 929 986 1000 τῆς

184 1009 301 1087 ἠπείρου
323 1012 368 1068 καὶ
389 1015 444 1070 τῶν
466 1012 615 1088 μετάλλων
629 1015 702 1076 ἔτεος
717 1013 836 1072 ἑκάστου
857 1012 986 1088 διηκόσια

184 1097 319 1158 τάλαντα·
341 1098 387 1158 ὅτε
408 1101 438 1158 δὲ
458 1101 491 1159 τὸ
506 1105 644 1161 πλεῖστον
657 1103 813 1179 προσῆλθε,
827 1101 985 1178 τριηκόσια.
1004 1133 1006 1138 v

137 1189 176 1247 47
188 1186 272 1247 Εἶδον
294 1187 323 1246 δὲ
343 1188 388 1246 καὶ
407 1188 491 1252 οὗτός
505 1190 541 1250 τά
558 1191 688 1266 μέταλλα
705 1195 803 1250 ταῦτα·
825 1191 870 1248 καὶ
890 1187 986 1268 μακρῷ

185 1274 220 1352 ἦν
243 1276 332 1338 αὐτῶν
352 1278 556 1355 θωμασιώτατα
574 1278 609 1339 τοί
629 1283 655 1338 οἱ
674 1281 798 1342 Φοίνικες
816 1279 938 1355 ἀνεῦρον,
960 1281 986 1336 οἰ

186 1365 257 1440 μετά
271 1365 370 1426 Θάσου
390 1368 535 1431 κτίσαντες
553 1368 604 1443 τήν
619 1373 707 1442 νῆσον
726 1367 838 1440 ταύτην·
859 1365 920 1439 ἥτις
938 1370 987 1423 νῦν

187 1453 233 1509 ἐπὶ
246 1457 296 1511 τοῦ
309 1454 407 1512 Θάσου
421 1455 521 1514 τούτου
534 1459 585 1514 τοῦ
598 1455 724 1514 Φοίνικος
736 1453 768 1510 τά
783 1451 887 1525 οὔνομα
908 1452 984 1525 ἔσχε.

187 1539 221 1596 τά
255 1542 267 1596 ἐ
283 1541 413 1613 μέταλλα
425 1541 461 1598 τά
480 1539 622 1600 Φοινικικὰ
635 1543 723 1597 ταῦτα
741 1539 802 1596 ἔστι
820 1541 870 1610 τῆς
888 1533 985 1594 Θάσου

185 1625 289 1700 μεταξύ
305 1625 427 1699 Αἰνύρων
440 1652 471 1684 τε
484 1625 577 1704 χιόρου
591 1625 760 1700 καλεομένου
774 1623 820 1682 καὶ
834 1621 985 1700 Κοινύρων,

186 1711 280 1771 α’ντίον
302 1713 331 1770 δὲ
354 1713 557 1790 Σαμοθρηίκης·
580 1711 643 1790 ὅρος
663 1713 744 1792 μέγα,
760 1711 986 1790 ἀνεστραμμένον

187 1805 216 1859 ἐν
235 1804 271 1878 τῇ
290 1799 413 1875 ζητήσει.
455 1805 539 1860 τοῦτο
558 1801 610 1878 μέν
631 1827 679 1860 νυν
700 1801 760 1860 ἔστι
776 1805 896 1860 τοιοῦτο·
917 1804 944 1860 οἱ
957 1801 987 1860 δὲ

187 1887 289 1946 Θάσιοι
313 1891 350 1966 τῷ
373 1889 494 1964 βασιλέϊ
518 1889 682 1949 κελεύσαντι
706 1891 752 1949 καὶ
778 1891 822 1949 τό.
837 1893 929 1968 τεῖχος
954 1889 986 1950 τό

187 1976 326 2054 σφέτερον
340 1981 476 2052 κατεῖλον,
488 1979 533 2038 καὶ
546 1977 596 2042 τάς
609 1975 672 2042 νέας
684 1978 735 2043 τοίς
747 1979 841 2043 πάσας
853 1978 987 2054 ἐκόμισαν

188 2070 215 2128 ἐς
229 2063 371 2144 Ἀβδηρα.

139 2156 177 2214 48
228 2155 309 2215 Μετὰ
324 2155 353 2214 δὲ
366 2158 457 2226 τοῦτο,
472 2154 642 2234 α’πεπειρᾶτο
656 2157 672 2216 ό
687 2161 806 2234 Δαρεῖος
818 2160 872 2216 τῶν
884 2156 986 2233 Ἑλλή-

187 2271 239 2304 νων
258 2243 274 2304 ό
292 2271 319 2304 τι
339 2249 367 2304 ἐν
389 2243 442 2324 νόῳ
462 2245 559 2323 ἔχοιεν,
574 2245 674 2323 κότερα
694 2247 841 2323 πολεμέειν
862 2245 987 2324 ἐωυτῷἢ

188 2332 369 2408 παραδιδόναι
391 2335 484 2408 σφέας
506 2333 614 2396 αὐτούς.
657 2335 790 2411 διέπεμπε
812 2333 849 2392 ὧν
870 2333 988 2409 κήρυκας

190 2418 296 2481 ἄλλους
312 2420 388 2498 άλλη
406 2419 492 2489 τάξας
505 2421 558 2480 dud
571 2421 622 2496 την
635 2421 770 2492 Ἐλλάδα,
787 2421 904 2480 κελεύων
918 2423 987 2484 αἰτέ-

189 2531 228 2563 ειν
240 2506 362 2580 βασιλέϊ
373 2509 428 2585 γῆν
440 2533 471 2564 τε
485 2509 530 2564 καὶ
544 2508 625 2584 ὕδωρ.
659 2509 773 2570 τούτους
785 2511 836 2583 μὲν
850 2507 884 2582 δὴ
898 2515 925 2570 ἐς
937 2510 988 2583 τήν

188 2591 314 2650 Ἑλλάδα
329 2594 443 2668 ἔπεμπε·
458 2592 564 2654 ἄλλους
576 2595 605 2651 δὲ
619 2593 738 2670 κήρυκας
752 2595 885 2668 διέπεμπε
900 2600 926 2656 ἐς
939 2596 988 2658 τοὶς

192 2684 292 2738 έωυτοῦ
315 2679 514 2755 δασμοφόρους
536 2681 637 2742 πόλιας
658 2681 708 2742 τάς
727 2682 986 2756 παραθαλασσίους,

189 2765 307 2826 κελεύων
325 2768 387 2828 νέας
404 2792 435 2824 τε
450 2767 558 2843 μακράς
576 2769 622 2826 καὶ
641 2768 790 2848 ἱππαγωγά
807 2769 894 2824 πλοῖα
913 2770 986 2826 ποιέ-

141 2859 178 2915 49
192 2856 283 2915 εσθαι.
322 2852 400 2914 οὗτοί
410 2881 440 2914 τε
455 2855 488 2930 δὴ
502 2855 741 2932 παρεσκευάζοντο
754 2859 850 2914 ταῦτα·
873 2856 919 2914 καὶ
932 2860 988 2915 τοῖ-

190 2970 222 3003 σι
237 2943 340 3019 ἥκουσι
359 2948 386 3006 ἐς
405 2942 458 3018 τὴν
471 2943 598 3002 Ἑλλάδα
619 2943 715 3020 κήρυξι
729 2945 834 3002 πολλοὶ
848 2946 899 3021 μὲν
912 2943 988 3020 ἠπει-

189 3033 295 3110 ρωτέων
319 3032 448 3092 ἐδίδοσαν
469 3033 504 3092 τά
527 3034 682 3113 προίσχετο
705 3034 800 3094 αἰτέων
824 3033 841 3093 ό
865 3036 987 3111 Πέρσης,

190 3121 290 3184 πάντες
304 3121 333 3180 δὲ
347 3125 374 3180 οἱ
388 3125 522 3197 νησιῶται
536 3127 562 3184 ἐς
575 3121 796 3186 τούςάπικοίατο
817 3121 988 3198 αἰτήσοντες.

191 3210 270 3270 οἵτε
291 3210 325 3286 δὴ
347 3209 432 3269 ἄλλοι
451 3215 584 3286 νησιῶται
603 3211 712 3271 διδοῦσι
729 3217 783 3293 γῆν
803 3239 833 3272 τε
855 3212 899 3270 καὶ
917 3210 988 3287 ὕδωρ

192 3299 300 3378 Δαρείῳ
314 3301 360 3358 καὶ
374 3299 407 3373 δή
422 3301 467 3357 καὶ
481 3304 635 3380 Αἰγινῆται·
657 3301 797 3377 ποιήσασι
811 3300 841 3359 δέ
854 3307 910 3376 σφι
926 3303 989 3360 ταΰ-
