2278 3538
170 163 310 226 169-172]
482 163 666 212 ΠΟΛΤΜΝΙΔ.
923 165 967 212 191

168 243 184 303 ό
209 244 238 302 δὲ
267 243 402 312 Μίκυθος,
427 243 533 318 οἰκέτης
560 243 611 303 εἰδν
633 242 794 314 Ἀναξίλεω,
823 244 971 356 ἐπίτροπος
997 303 1000 308 .

167 330 280 412 Ρηγίου
312 331 525 389 καταλέλειπτο·
561 329 642 395 οὗτος
668 331 758 408 ὅσπερ
790 331 913 390 ε’κπεσων
942 337 971 390 έκ

167 419 280 499 Ῥηγίου
297 419 342 477 καὶ
362 421 465 526 Τεγέην
483 419 535 494 τήν
551 419 739 496 Ἀρκαίδων’
713 418 837 494 οικήσας,
856 419 972 496 ἀνέθηκε

168 511 196 567 έν
209 507 353 585 Ολυμπίη
367 533 431 569 τους
445 507 571 569 πολλους
592 507 762 584 ἀνδριάντας.
803 505 897 566 Ἀλλα
917 509 1016 569 τα171

166 591 218 665 μέν
239 587 309 647 κατὰ
329 587 472 668 Ῥηγίνους
492 615 523 646 τε
545 590 590 646 καὶ
611 591 794 665 Ταραντίνους
814 593 864 648 τοῦ
884 591 972 669 λόγου

167 703 216 753 μοι
242 678 457 754 παρενθηκη’
423 703 530 757 γεγονε·
556 683 583 739 ἐς
607 677 693 738 δὲ
660 704 711 752 την
732 677 881 756 Κρήτην’
869 704 971 754 ερημω

168 764 307 834 θεῖσαν,
287 791 322 826 ως
335 765 455 876 λέγουσι
465 766 633 838 Πραίσιοι,’
622 791 710 824 εσοικι
703 767 809 874 ίζεσθμι
823 765 929 828 αλλους
942 793 972 825 τε

167 853 328 930 ἀνθρώπους
350 853 395 911 καὶ
419 850 543 916 μάλιστα
559 852 713 929 Ελληνας·
741 855 819 933 τρίτῃ
842 855 870 912 δὲ
890 859 972 966 γενεῇ

166 968 237 1018 μετα
229 942 353 1001 Μίνωα
369 941 576 1016 τελευτήσαντα
597 943 779 1022 γενέσθαι
745 971 780 1002 τα
799 942 915 1019 Τρωϊκά·
943 947 972 1002 έν

167 1035 242 1090 τοῖσι
263 1031 296 1089 ού
320 1035 532 1106 φλαυροτατους
559 1031 710 1106 φαίνεσθαι
739 1031 833 1093 ἐόντας
858 1035 972 1108 Κρῆτας

167 1124 301 1196 τιμωρούς
326 1119 466 1197 Μενελεῳ·
498 1117 559 1177 ἀντὶ
585 1119 689 1178 τούτων
713 1119 744 1177 δέ
767 1127 823 1195 σφι
850 1119 970 1178 α’πονοσ-

167 1206 275 1282 τήσασι
292 1213 322 1266 ἐκ
336 1207 436 1283 Τροίης
453 1205 538 1282 λιμόν
551 1233 582 1265 τε
597 1208 642 1264 καὶ
656 1207 757 1283 λοιμόν
769 1208 909 1288 γενέσθαι,
925 1209 970 1266 καὶ
990 1284 994 1292 Ι

168 1294 278 1354 αύτοῖσι
301 1296 346 1353 καὶ
367 1299 442 1354 τοῖσι
465 1295 649 1371 προβάτοισι·
680 1296 706 1357 ές
729 1321 767 1366 τε,
788 1296 821 1355 τό
845 1295 971 1373 δεύτερον

168 1384 357 1460 ἐρημωθείσης
379 1383 500 1460 Κρήτης,
517 1383 589 1459 μετὰ
606 1387 660 1443 τῶν
681 1382 843 1443 ὑπολοίπων
863 1386 971 1460 τρίτους

167 1470 253 1546 αι’νιήν
267 1477 315 1532 νῦν
328 1473 462 1548 νέμεσθαι
481 1475 605 1547 Κρῆτας.
639 1470 722 1548 ήμὲν
740 1471 774 1548 δή
793 1473 886 1548 Πυθίη
903 1471 970 1532 ύπο-

163 1560 303 1670 μνήσασα
322 1564 418 1629 ταῦτα,
435 1562 503 1638 έσχε
522 1561 716 1637 βουλομένους
735 1561 876 1637 τιμωρέειν
895 1565 971 1620 τοῖσι

163 1641 298 1725 Ελλησι.

208 1737 355 1797 Θεσσαλοὶ
369 1736 424 1796 δὲ
408 1736 463 1796 υπό
468 1735 624 1818 αναγκαίης
638 1738 670 1797 τό
684 1764 793 1814 πρωτον
807 1738 949 1844 ἐμήδισαν,
961 1739 1017 1798 172

168 1853 203 1889 ως
230 1823 393 1895 διέδεξαν
378 1851 421 1884 οτι
447 1823 480 1884 οὔ
508 1832 563 1900 σφι
591 1817 746 1905 ἥνδανε
713 1853 747 1885 τα
772 1829 854 1886 οῖΑ
821 1826 970 1886 Ἀλευάδαι

168 1917 368 1994 ε’μηχανέωντο·
397 1915 459 1974 ἐπεί
477 1940 508 1972 τε
526 1941 583 1994 γαρ
605 1915 795 1974 ἐπυθέατο
761 1941 882 1993 ταχιστα
902 1916 969 1992 μέλ-

167 2007 254 2062 λοντα
273 2003 427 2079 διαβαίνειν
440 2004 489 2062 τόν
508 2003 624 2079 Πέρσην
638 2008 665 2065 ἐς
678 2002 729 2077 τήν
742 2002 887 2078 Εὐρώπην,
901 2005 970 2080 πέμ-

167 2117 253 2151 πουσι
274 2098 301 2154 ές
321 2092 370 2151 τόν
390 2090 507 2168 Ἰσθμόν
529 2090 674 2171 α’γγέλους·
706 2096 734 2149 ἐν
754 2091 784 2149 δὲ
804 2095 843 2170 τῷ
866 2089 971 2169 Ἰσθμῷ

167 2177 241 2254 ἦσαν
264 2179 414 2256 ἁλισμένοι
438 2179 597 2256 πρόβουλοι
620 2182 670 2254 τῆς
691 2177 837 2248 Ἑλλάδος,
858 2178 970 2256 α’ραιρη-

167 2269 246 2344 μένοι
262 2268 318 2327 ἀπὸ
336 2273 392 2327 τῶν
410 2269 516 2328 πολίων
534 2271 589 2327 τῶν
607 2266 643 2327 τό
663 2267 764 2344 ἀμείνω
779 2268 985 2344 φρονεουσέων·

167 2357 232 2431 περὶ
249 2356 300 2430 τήν
321 2355 456 2416 Ἑλλάδα·
479 2355 642 2433 ἀπικόμενοι
669 2356 699 2415 δὲ
720 2358 764 2415 ἐπὶ
784 2356 897 2420 τούτους
917 2361 971 2416 τῶν

168 2449 326 2503 Θεσσαλῶν
340 2449 366 2503 οἱ
380 2444 496 2526 ἄγγελοι
511 2447 616 2524 ἔλεγον·
639 2456 656 2481 “
665 2445 916 2522 ἅνδρεςἘλληνες,
928 2445 971 2504 δεῖ

168 2532 373 2606 φυλάσσεσθαι
383 2534 433 2608 τήν
445 2534 573 2608 ἐσβολήν
586 2534 637 2606 τήν
647 2531 833 2608 Ὀλυμπικήν,
845 2534 889 2610 ἵνα
900 2540 970 2592 Θεσ-

168 2621 257 2697 σαλίη
278 2647 309 2680 τε
330 2623 376 2679 καὶ
396 2620 414 2696 ή
436 2621 576 2697 σύμπασα
597 2619 737 2698 ᾖἙλλᾶς
760 2625 788 2680 έν
809 2623 900 2701 σκέπη
921 2626 971 2682 τοῦ

167 2710 304 2786 πολέμου·
318 2708 398 2786 ήμεῖς
404 2710 470 2819 μέν
473 2735 520 2768 νυν
534 2709 641 2784 ἑτοῖμοί
653 2713 727 2785 εἶμεν
740 2710 970 2787 συμφυλάσσειν·

168 2798 288 2904 πέμπειν
308 2797 338 2856 δὲ
356 2797 413 2876 χρή
427 2798 472 2856 καὶ
490 2796 576 2874 ιμέας
594 2823 729 2873 στρατιτν
747 2799 911 2874 πολλήν·“
891 2825 934 2870 ως,
949 2803 972 2858 εἰ

168 2912 208 2990 μη
201 2885 349 2992 πέμψετε,
359 2885 540 2946 ἐπίστασθε
522 2886 609 2961 ημέας
618 2885 846 2967 ὁμολογήσειν
815 2913 852 2944 τω
839 2887 971 2965 Πέρση·

169 2972 201 3032 ού
222 2973 276 3054 γάρ
296 3001 340 3034 τοι
361 2974 585 3051 προκατημένους
603 2977 724 3033 τοσοῦτο
741 2974 796 3050 πρό
814 2978 864 3048 τῆς
881 2972 972 3050 ἄλλης

168 3060 315 3133 Ἑλλάδος,
330 3063 447 3140 μούνους
464 3062 519 3140 πρό
532 3090 542 3122 ι
542 3061 622 3140 μέων
636 3063 678 3122 δεῖ
690 3061 859 3121 ἀπολέσθαι.
900 3063 970 3137 βοη-

170 3150 242 3210 θέειν
263 3151 292 3209 δὲ
317 3151 349 3210 οὐ
370 3151 549 3228 βουλόμενοι,
575 3151 726 3232 α’ναγκαίην
749 3150 817 3226 ἡμῖν
843 3148 973 3225 ου’δεμίαν

170 3239 227 3299 οἶοί
251 3240 283 3298 τέ
309 3245 373 3298 ε’στε
400 3241 581 3316 προσφέρειν·
611 3239 719 3314 οὐδαμὰ
745 3237 800 3319 γὰρ
823 3236 974 3314 ἀδυνασίης

170 3325 277 3408 ἀνάγκη
299 3327 426 3404 κρέσσων
447 3327 508 3403 ἔφυ·
535 3326 615 3405 ἡμεῖς
635 3328 664 3386 δὲ
684 3325 877 3404 πειρησόμεθα
895 3325 976 3388 αὐτοί
1005 3391 1012 3397 ,

1078 3441 1134 3502 Δ
