2278 3538
169 123 216 184 226
480 117 661 166 ἨΡΟΔΟΤΟΤ
875 114 968 179 [VHI.

169 200 330 268 ἐπέπλωον,
357 200 384 256 οἱ
404 195 543 272 Ἕλληνες
578 195 698 272 ἀτρέμας
732 193 809 273 εἶχον
835 194 906 272 πρός
931 185 971 276 u}

169 285 346 364 Ἀρτεμισίῳ·
377 288 403 344 οἱ
424 285 453 344 δὲ
473 283 620 362 βάρβαροι
639 283 781 360 μηνοειδὲς
800 282 970 358 ποιήσαντες

167 378 222 432 τῶν
243 378 317 443 νεῶν,
340 374 502 432 ἐκυκλέοντο
525 371 559 434 οἷς
583 371 766 448 περιλάβοιεν
786 369 893 434 αὐτούς·
929 377 969 433 έν-

168 462 262 522 θεῦτεν
282 464 308 520 οἱ
323 460 462 536 Ἕλληνες
482 459 661 520 ἐπανέπλωόν
679 485 709 518 τε
724 459 769 516 καὶ
787 461 968 542 συνέμισγον.

168 554 197 610 ἐν
229 549 315 628 ταύτῃ
349 553 385 626 τῇ
411 549 550 627 ναυμαχίῃ
584 546 779 624 παραπλήσιοι
812 545 969 622 ἀλλήλοισι

168 639 300 719 ἐγίνοντο·
328 636 343 696 ὁ
363 636 417 718 γάρ
439 637 546 713 Ξέρξεω
567 634 689 712 στρατός
708 633 763 693 ὗπδ
783 634 918 714 μεγάθεός
938 663 970 696 τε

168 727 213 784 καὶ
239 725 362 801 πλήθεος
390 724 472 788 αὐτὸς
498 723 543 782 ὑπ’
569 726 670 782 ἑωυτοῦ
698 723 802 790 ἔπιπτε,
827 749 969 799 ταρασσο-

166 814 268 890 μενέων
301 839 332 872 τε
365 817 420 872 τῶν
454 818 521 872 νεῶν
553 813 599 870 καὶ
632 811 872 888 περιπιπτουσέων
905 815 969 889 περὶ

167 899 306 974 α’λλήλας·
328 899 400 976 ὅμως
419 902 514 977 μέντοι
535 899 644 978 άντεῖχε
663 899 708 957 καὶ
727 897 777 957 οὐκ
794 897 858 956 εἶκε·
879 899 969 962 δεινᾶν

165 988 220 1069 γάρ
241 992 339 1067 χρῆμα
361 993 501 1048 ἐποιεῦντο
522 988 576 1047 ὖπδ
601 991 667 1048 νεῶν
691 986 793 1067 ὀλίγων
821 991 847 1049 ἐς
875 988 969 1068 φυγήν

165 1077 330 1154 τραπέσθαι.
373 1078 562 1154 πολλαὶ’μέν
589 1075 622 1152 δή
654 1079 708 1134 τῶν
736 1074 881 1150 Ἑλλήνων
911 1077 969 1141 νέες

166 1164 363 1243 διεφθείροντο,
399 1166 504 1224 πολλοὶ
538 1165 568 1224 δὲ
602 1163 705 1240 ἄνδρες·
748 1167 848 1241 πολλῷ
878 1163 900 1222 δ
928 1165 969 1225 ἐτι

165 1258 281 1318 πλεῦνες
303 1258 360 1318 νέες
379 1281 410 1314 τε
431 1259 485 1314 τῶν
504 1252 660 1330 βαρβάρων
683 1253 727 1309 καὶ
750 1250 854 1327 ἅνδρες.
885 1252 969 1312 ὀὕτω

165 1342 195 1400 δὲ
208 1342 403 1422 ἀγωνιζόμενοι
417 1343 570 1418 διέστησαν
583 1341 666 1418 χωρὶς
680 1340 812 1416 ἑκάτεροι.

119 1429 155 1490 17
205 1429 254 1490 Ἐν
274 1431 360 1508 ταύτῃ
381 1435 416 1509 τῇ
438 1430 577 1509 ναυμαχίῃ
592 1427 746 1509 ΑἰγύπτιοιΙ
757 1430 809 1503 μὲν
828 1431 883 1486 τῶν
899 1431 967 1506 Ξέρ-

165 1519 216 1588 ξεω
237 1521 427 1596 στρατιωτέων
457 1519 637 1596 ἠρίστευσαν·
661 1517 687 1575 οἳ
707 1514 785 1574 ἄλλα
804 1543 835 1575 τε
855 1517 967 1597 μεγάλα

166 1607 232 1686 ἔργα
260 1606 434 1680 ἀπεδέξαντο,
463 1609 509 1664 καὶ
530 1607 592 1668 νέας
613 1605 723 1664 αὐτοῖσι
752 1603 869 1680 άνδράσι
891 1604 968 1665 εἶλον

164 1691 332 1768 Ἑλληνίδας
352 1695 442 1753 πέντε·
484 1698 539 1754 τῶν
560 1695 589 1752 δὲ
609 1692 753 1767 Ἑλλήνων
775 1690 845 1750 κατά
865 1692 969 1768 ταύτην

164 1779 215 1856 τήν
240 1780 345 1858 ἡμέρην
372 1780 543 1858 ἠρίστευσαν
565 1781 717 1856 Ἀθηναῖοι,
747 1782 792 1839 καὶ
811 1779 967 1854 Ἀθηναίων

165 1870 295 1945 Κλεινίης
316 1869 331 1929 ὁ
352 1869 547 1946 Ἀλκιβιάδεω,
562 1869 592 1932 ὃς
613 1869 736 1944 δαπάνην
757 1869 863 1944 οἰκηίην
884 1895 966 1944 πορε-

164 1956 282 2036 χάμενος
309 1957 489 2036 ἐστρατεύετο
517 1957 635 2035 άνδράσι
664 1983 696 2015 τε
726 1957 894 2032 διηκοσίοισι
922 1957 967 2014 καὶ

165 2047 254 2126 οἰκηίῃ
269 2047 323 2124 νηί.

119 2135 155 2192 18
204 2135 251 2198 Ὡς
279 2137 308 2195 δὲ
336 2137 496 2212 διέστησαν,
525 2135 643 2210 ἅσμενοι
675 2131 794 2208 ἑκάτεροι
824 2137 852 2194 ἐς
878 2131 967 2207 ὅρμον

164 2223 322 2304 ἠπείγοντο·
348 2229 374 2285 οἱ
396 2225 424 2283 δὲ
440 2223 587 2297 Ἕλληνες,
609 2221 645 2284 ὥς
665 2220 855 2304 διακριθέντες
868 2225 898 2277 ἐκ
917 2225 969 2294 τῆς

164 2315 317 2391 ναυμαχίης
337 2311 574 2388 ἀπηλλάχθησαν,
588 2313 643 2368 τῶν
661 2312 712 2385 μὲν
731 2313 832 2384 νεκρῶν
852 2309 897 2366 καὶ
913 2311 967 2367 τῶν

165 2403 301 2478 ναυηγίων
319 2399 491 2476 ἐπεκράτεον·
514 2399 635 2476 τρηχέως
652 2398 681 2455 δὲ
699 2397 902 2472 περιεφθέντες,
923 2395 968 2456 καὶ

165 2485 214 2546 οὐκ
242 2487 345 2562 ἥκιστα
371 2487 513 2561 Ἀθηναῖοι
541 2491 595 2546 τῶν
622 2489 651 2543 αἱ
677 2484 793 2562 ἡμίσεαι
821 2488 875 2544 τῶν
902 2489 969 2544 νεῶν

164 2575 330 2651 τετρωμέναι
343 2574 425 2650 ἦσαν,
441 2574 568 2651 δρησμὸν
587 2575 620 2649 δὴ
638 2573 789 2650 ἐβούλευον
809 2574 864 2631 ἐσω
878 2578 904 2634 ἐς
917 2571 969 2646 τήν
1032 2571 1035 2580 ’

119 2660 298 2722 19Ἑλλάδα.
342 2662 408 2742 Νόῳ
430 2663 459 2720 δὲ
483 2662 582 2737 λαβὼν
603 2662 619 2720 ὁ
641 2662 857 2738 Θεμιστοκλέης,
881 2660 923 2740 οἷς,
946 2665 970 2719 εί

165 2747 335 2832 ἀπορραγείη
350 2750 405 2810 άπό
420 2755 469 2810 τοῦ
483 2749 635 2826 βαρβάρου
648 2749 681 2808 τό
694 2775 725 2808 τε
738 2748 861 2808 Ἰωνικδν
876 2753 969 2822 φῦλον

166 2838 211 2895 καὶ
221 2837 253 2897 τά
266 2841 398 2915 Καρικόν,
412 2839 467 2898 οἶοί
479 2863 509 2896 τε
523 2839 620 2913 εἴησαν
631 2842 685 2896 τῶν
696 2840 802 2896 λοιπῶν
816 2836 970 2911 κατύπερθε

165 2927 303 3004 γενέσθαι,
331 2927 501 2988 ἐλαυνόντων
526 2929 580 2985 τῶν
604 2925 736 3000 Εὐβοέων
763 2925 895 3000 πρόβατα
924 2925 969 2982 ἐπὶ

164 3011 215 3087 τήν
236 3015 403 3092 θάλασσαν,
424 3016 510 3092 ταύτῃ
532 3014 672 3080 συλλέξας
693 3012 757 3075 τούς
785 3011 968 3091 στρατηγοδς,

167 3101 246 3182 ἐλεγέ
259 3111 314 3178 σφι
329 3105 363 3165 ὦς
377 3104 468 3161 δοκέοι
487 3104 558 3178 ἔχειν
577 3100 638 3158 τινά
657 3100 791 3175 παλάμην
807 3125 842 3176 τῃ
860 3101 969 3168 ἐλπίζοι

165 3191 220 3246 τῶν
233 3191 371 3265 βασιλέος
386 3187 541 3265 συμμάχων
556 3187 730 3261 ἀποστήσειν
743 3187 808 3250 τούς
826 3185 968 3262 ἀρίστους·

165 3279 252 3333 ταῦτα
265 3279 317 3354 μέν
329 3302 377 3336 νυν
394 3281 421 3341 ἐς
436 3278 557 3336 τοσοῦτο
575 3273 762 3353 παρεγύμνου·
785 3273 830 3332 ἐπὶ
848 3273 878 3332 δὲ
891 3277 969 3338 τοῖσι
