2276 3538
177 143 223 192 ιω
477 141 660 191 Ἧνοαουου
897 142 974 206 μοι

113 232 116 236 ’
176 225 333 300 Μέρβαλος
349 222 508 305 Ἀγβάλου,
528 221 573 279 καὶ
592 220 682 291 mn}
699 221 845 287 Συέννεσις
860 221 976 300 Ὠρομέ·

173 309 276 382 δοντος,
292 313 338 372 καὶ
353 313 456 375 Λύκιος
474 309 671 386 Κυβερνίσκος
685 311 764 374 Σίκα·
779 312 832 370 καὶ
845 310 974 388 Κύπριοι,

172 399 279 481 Γόργος
291 416 329 462 ’τε
349 401 365 462 ό
387 403 516 478 Χέρσιος,
543 397 589 456 καὶ
609 401 740 474 Τιμῶναξ
764 399 780 462 ό,
803 400 974 480 Τιμαγόρεω·

171 488 218 546 καὶ
245 494 347 566 Καρῶν
370 488 503 550 Ἱστιαῖός
522 513 553 546 τε
576 485 592 546 ό
621 485 733 564 Τύμνεω
758 488 805 546 καὶ
827 487 936 568 Πίγρης
957 511 973 546 o

124 577 162 635 99
173 577 323 655 Σελδύμου
347 581 393 638 καὶ
417 575 622 654 Δαμασίθυμος
649 573 666 634 ὅ
693 575 872 636 Κανδαύλεω.
898 581 975 637 -Τιῦν

169 665 222 741 μέν
248 693 295 726 νυν
318 667 414 727 ἄλλων
437 664 469 725 ου’
493 664 711 740 παραμέμνημαι
735 664 924 744 ταξιαρχέων,
939 664 974 732 ὦς

172 753 223 812 ούκ
237 753 475 838 ἀναγκαζόμενος·
501 752 682 829 Ἀρτεμισίης
706 751 743 822 δέ,
768 755 819 828 τῆς
844 751 973 828 μάλιστα

171 842 251 918 θῦμα
272 849 402 919 ποιεῦμαι
423 844 468 902 ἐπὶ
491 840 544 917 την
565 840 693 899 Ἑλλάδα
720 843 971 918 στρατευσαμένης,

168 931 307 1010 γυναικός·
339 931 407 1008 ἥτις,
430 929 620 993 ἀποθανόντος
641 933 692 988 τοῦ
716 928 822 1005 ἀνδρός,
847 928 919 1005 αὐτή
940 957 972 990 τε

169 1017 274 1096 ἔχουσα
284 1020 336 1096 την
348 1021 495 1098 τυραννίδα
503 1017 660 1088 -καὶπαιδὸς
669 1017 843 1096 ῦπάρχοντος
852 1019 970 1094 νεηνίεω,

170 1106 225 1166 ύπό
242 1107 369 1186 λήματός
384 1136 415 1169 τε
433 1110 478 1167 καὶ
492 1107 621 1184 ἀνδρηίης
637 1106 827 1182 ἐστρατεύετο,
841 1105 971 1184 οὐδεμιῆς

169 1197 271 1273 ἐούσης
284 1191 310 1256 οἳ
325 1198 483 1279 ἀναγκαίης.
519 1194 624 1272 οὔνομα
637 1198 688 1272 μὲν
702 1195 735 1270 δὴ
746 1193 780 1270 ἦν
794 1194 865 1274 αύτῇ
877 1195 971 1272 ’,Αρτε-

168 1287 259 1361 μισίη,
275 1286 398 1367 θυγάτηρ
416 1285 444 1345 δέ
463 1283 499 1362 ἦν
514 1284 682 1365 Λυγδάμιος·
704 1285 783 1364 γένος
803 1284 832 1342 δὲ
848 1285 879 1354 ἐξ
893 1284 970 1344 Ἁλι-

168 1380 330 1451 καρνησσοῦ
343 1376 379 1435 τά
393 1373 464 1452 πρός
474 1372 588 1450 πατρός,
599 1372 634 1431 τά
643 1371 783 1449 μητρόθεν
793 1372 822 1430 δὲ
834 1376 968 1449 Κρῆσσα.

167 1461 318 1542 ἡγεμόνευε
349 1464 378 1522 δέ
404 1461 650 1539 Ἀλικαρνησσέων
676 1487 707 1520 τε
735 1461 780 1518 καὶ
811 1460 896 1539 Κῴων
923 1463 969 1521 καὶ

167 1551 310 1627 Νισυρίων
323 1577 354 1609 τε
368 1552 414 1609 καὶ
425 1550 603 1625 Καλυμνίων,
614 1549 696 1608 πέντε
708 1550 770 1612 νέος
780 1551 967 1630 παρεχομένη·

167 1637 213 1695 καὶ
226 1637 392 1714 συναπάσης
404 1642 455 1714 τῆς
469 1641 611 1714 στρατιῆς,
626 1636 697 1714 μετά
709 1663 743 1718 γε
756 1637 807 1700 τάς
824 1638 967 1709 Σιδωνίων,

167 1725 229 1788 νέας
250 1725 430 1796 εὐδοξοτάτας
452 1727 609 1805 παρείχετο,
634 1726 743 1785 πάντων
766 1752 796 1785 τε
818 1730 873 1785 τῶν
897 1753 967 1803 συμ-

165 1813 263 1892 μάχων
282 1814 393 1895 γνώμας
413 1814 530 1892 ἀρίστας
545 1814 666 1890 βασιλέϊ
681 1813 843 1883 ἀπεδέξατο
867 1819 922 1874 τῶν
937 1815 967 1875 δέ

167 1902 302 1972 κατέλεξα
321 1905 428 1963 πολίων
444 1903 622 1983 ἡγεμονεύειν
639 1902 733 1977 αὐτὴν,
752 1902 784 1962 τό
802 1903 879 1965 ἔθνος
898 1902 966 1962 αἶπο-

166 1991 257 2066 φαίνω
272 1997 329 2051 πᾶν
343 1991 389 2052 ἐόν
403 1991 537 2069 Δωρικόν·
558 1991 805 2066 Ἀλικαρνησσῆας
823 1993 874 2067 μέν
887 1998 965 2068 Τροι-

165 2079 280 2156 ζηνίους,
292 2080 358 2144 τοῦς
368 2081 398 2140 δὲ
408 2079 514 2144 ἄλλους
523 2080 724 2156 Ἐπιδαυρίους.
752 2084 780 2142 ἐς
788 2081 840 2155 μὲν
849 2079 965 2141 τοσόνδε

165 2166 182 2228 ὅ
195 2168 322 2232 ναυτικδς
335 2169 458 2248 στρατός
471 2170 585 2247 εἴρηται.

117 2256 176 2316 100
218 2259 323 2335 Ξέρξης
344 2259 381 2328 δέ,
405 2259 476 2318 ἐπεὶ
491 2257 633 2334 η’ρίθμησέ
658 2283 688 2316 τε
716 2257 763 2316 καὶ
790 2255 922 2335 διετάχθη
949 2256 964 2316 ό

165 2347 293 2422 στρατός,
317 2345 477 2422 ἐπεθύμησε
498 2346 581 2408 αύτός
602 2352 695 2420 σφεας
715 2345 878 2414 διεξελάσας
903 2343 964 2420 θεή-

165 2435 281 2492 σασθαι·
302 2434 374 2510 μετά
391 2435 420 2493 δέ
434 2435 524 2494 ἐποίεε
539 2439 635 2502 ταῦτα,
656 2433 701 2491 καὶ
720 2433 898 2501 διεξελαύνων
919 2433 964 2490 ἐπὶ

163 2521 286 2596 ἅρματος
310 2522 386 2600 παρά
408 2523 484 2584 ἔθνος
508 2523 537 2581 ἐν
558 2523 685 2589 ἕκαστον,
710 2521 886 2580 ἐπυνθάνετο·
919 2521 964 2578 καὶ

163 2607 330 2688 ἀπέγραφον
351 2613 377 2668 οἱ
399 2609 620 2690 γραμματισταί·
656 2609 704 2670 ἕως
730 2608 761 2676 ἐξ
787 2607 913 2685 ἐσχάτων
937 2613 964 2670 ἐς

163 2697 271 2774 ἔσχατα
285 2696 400 2756 ἀπίκετο
414 2699 524 2773 καὶτῆς
538 2698 624 2756 ἵππου
637 2697 745 2754 καὶτοῦ
759 2697 852 2765 πεζοῦ.
885 2693 921 2758 ὦς
934 2696 963 2754 δέ

161 2784 250 2844 ταῦτα’
271 2789 297 2844 οἶ
319 2787 476 2862 ἐπεποίητο,
497 2789 552 2846 τῶν
572 2788 639 2845 νεῶν
659 2784 916 2844 κατελκυσθεισέων
936 2789 963 2848 ἐς

162 2871 323 2944 θάλασσαν,
339 2877 456 2934 ἐνθαῦτα
469 2874 485 2935 ό
499 2875 604 2952 Ξέρξης
615 2872 756 2950 μετεκβάς
769 2877 799 2932 ἐκ
812 2876 862 2932 τοῦ
875 2871 962 2949 ἅρμα-

160 2986 208 3025 τος
229 2967 255 3026 ἐς
276 2965 324 3023 νέα
344 2965 484 3040 Σιδωνίην,
505 2965 577 3034 ἵζετο
595 2962 649 3023 ύπὸ
669 2965 760 3041 σκηνῇ
778 2963 894 3041 χρυσέῃ·
917 2963 962 3020 καὶ

160 3052 302 3127 παρέπλεε
315 3052 392 3129 παρά
409 3051 459 3116 τὰς
478 3052 589 3130 πρώρας
607 3055 662 3111 τῶν
675 3055 751 3120 νεῶν,
766 3055 919 3128 ἐπειρωτῶν
931 3077 962 3109 τε

161 3137 280 3202 ἑκάστας
297 3139 398 3216 ὁμοίως
416 3141 463 3199 καὶ
481 3140 531 3200 τόν
547 3140 631 3212 πεζόν
652 3140 698 3198 καὶ
718 3137 960 3222 ἀπογραφόμενος·

160 3224 211 3288 τάς
224 3227 253 3286 δέ
266 3229 328 3291 νέας
338 3231 365 3288 οἱ
375 3229 510 3307 ναύαρχοι
523 3227 708 3309 ἀναγαγόντες
718 3227 788 3288 ὅσον
797 3253 828 3286 τε
838 3228 961 3298 τέσσερα

160 3313 271 3388 πλέθρα
284 3315 340 3375 ἀπδ
354 3321 404 3376 τοῦ
418 3321 547 3397 αἰγιαλοῦ
561 3317 738 3394 ἀνεκώχευον,
749 3314 799 3377 τάς
809 3311 919 3390 πρώρας
933 3315 960 3372 ἒς
