2278 3538
403 564 754 682 ‘HPQAOTOY

322 725 582 843 'mo-PmN
617 779 822 852 ,0erst

528 953 627 978 —-0--

487 1083 668 1136 ΟΥΡΑΝΙΑ.

169 1197 184 1256 l
201 1245 203 1250 .
220 1217 222 1224 ’
242 1204 283 1258 ΟΙ
297 1197 484 1274 δὲ,”Ελλήνων
502 1203 530 1262 ἐς
546 1199 596 1259 τᾶν
608 1201 736 1260 ναυτικὸν
750 1200 873 1277 στρατδν
884 1200 1000 1279 ταχθέν·

201 1311 247 1350 τες
274 1285 349 1362 ἦσαν
380 1286 446 1346 οἵδε·
477 1285 620 1362 Ἀθηναῖοι
642 1291 702 1364 μὲν,
726 1289 789 1351 νέας
814 1288 1001 1366 παρεχόμενοι

202 1373 272 1434 ἑπτα
292 1376 338 1434 καὶ
359 1377 448 1434 εἴκοσι
468 1375 515 1433 καὶ
532 1375 637 1436 ἑκατόν·
658 1375 713 1436 ύπδ
733 1376 764 1436 δὲ
784 1374 884 1453 α’ρετῆς
903 1402 934 1434 τε
954 1378 1001 1435 καὶ

204 1464 360 1540 προθυμίης
376 1461 671 1540 Πλαταιέες,-ἅπειροι
686 1469 737 1540 τῆς
754 1468 882 1537 ναυτικῆς
902 1463 1000 1537 ἐόντες,

203 1550 397 1628 συνεπλήρουν
413 1555 490 1610 τοῖσι
506 1550 681 1627 Ἀθηναίοισι
699 1551 750 1616 τὰς
763 1552 837 1614 νέας.
857 1553 1001 1628 Κορίνθιοι

204 1637 233 1696 δὲ
241 1637 448 1714 τεσσεράκοντα
455 1639 518 1701 νέας
525 1641 702 1718 παρείχοντο·
713 1641 856 1720 Μεγαρέες
864 1640 893 1698 δὲ
902 1641 1000 1698 εἴκοσι·

204 1727 250 1784 καὶ
263 1726 415 1790 Χαλκιδέες
425 1725 564 1803 ἐπλήρουν
578 1729 675 1801 εἴκοσι,
689 1727 842 1804 Ἀθηναίων
853 1735 908 1803 σφι
918 1754 1001 1805 παρε-

203 1811 309 1892 χόντων
321 1813 371 1877 τὰς
384 1815 454 1877 νέας·
474 1819 620 1895 Αἰγινῆται
636 1815 665 1874 δὲ
684 1815 878 1875 ὀκτωκαίδεκα·
900 1816 1001 1878 Σικυώ-

203 1927 258 1962 νιοι
272 1902 301 1962 δὲ
315 1902 443 1962 δυώδεκα·
464 1903 678 1981 Λακεδαιμόνιοι
691 1904 720 1963 δὲ
734 1904 809 1963 δέκα·
829 1903 1001 1980 Ἐπιδαύριοι

203 1991 233 2050 δὲ
253 1990 334 2052 ὀκτώ·
357 1990 507 2069 Ἐρετριέες
527 1991 557 2050 δὲ
578 1992 656 2052 ἑπτά·
684 1991 840 2070 Τροιζήνιοι
860 1992 890 2051 δὲ
909 1993 1000 2051 πέντε·

207 2081 322 2158 Στυρέες
343 2082 372 2142 δὲ
392 2080 450 2141 δύο·
472 2082 518 2141 καὶ
539 2083 619 2140 Κεῖοι
639 2080 688 2140 δύο
708 2107 739 2140 τε
759 2085 822 2143 νέας
842 2080 887 2140 καὶ
904 2082 1000 2156 πέντη-

204 2171 347 2248 κοντέρους
360 2169 418 2230 δύο·
437 2170 542 2244 Λοκροὶ
556 2169 588 2228 δέ
604 2175 661 2245 σφι
679 2172 706 2228 οἱ
723 2168 883 2229 Ὀπούντιοι
896 2168 1002 2244 ε’πεβῶ-

205 2258 277 2328 θεον,
292 2259 517 2336 πεντεκοντέρους
530 2258 639 2336 ἔχοντες
653 2258 731 2317 ἑπτά.

169 2349 187 2404 2
235 2343 335 2406 Ἦσαν
354 2348 406 2422 μὲν
427 2343 464 2406 ὧν
483 2343 559 2405 οὗτοι
577 2349 604 2404 οἱ
617 2345 833 2424 στρατευόμενοι
848 2344 891 2404 ἐπ’
908 2345 1002 2423 Ἀρτε-

203 2434 309 2510 μίσιον·
325 2435 429 2510 εἴρηται
440 2434 471 2492 δέ
479 2459 528 2510 μοι
542 2434 588 2492 καὶ
602 2432 638 2496 ὦς
650 2434 683 2493 τὰ
697 2435 807 2510 πλῆθος
822 2435 935 2493 ἔκαστοι
947 2437 1003 2492 τῶν

204 2525 271 2580 νεῶν
296 2523 473 2600 παρείχοντο·
500 2521 617 2599 ἀριθμὸς
644 2521 673 2581 δὲ
699 2526 753 2582 τῶν
776 2521 1003 2599 συλλεχθεισέων

204 2612 271 2668 νεῶν
285 2608 327 2668 ἐπ’
346 2608 524 2686 Ἀρτεμίσιον
542 2609 584 2686 ἦν,
600 2610 690 2687 πάρεξ
706 2613 761 2670 τῶν
773 2610 1001 2686 πεντηκοντέρων,

203 2698 256 2773 μία
270 2697 315 2756 καὶ
328 2697 521 2774 ἑβδομήκοντα
535 2699 580 2756 καὶ
594 2697 742 2774 διηκόσιαι.
778 2698 828 2758 τὸν
841 2697 871 2756 δὲ
883 2721 1004 2773 στρατη-

204 2784 257 2865 γδν
282 2784 331 2844 τόν
356 2785 388 2845 τό
415 2786 550 2866 μέγιστον
578 2786 677 2862 κράτος
707 2788 806 2865 ἔχοντα
836 2785 1004 2862 παρείχοντο

207 2873 387 2950 Σπαρτιῆται,
410 2873 586 2950 Εὐρυβιάδεα
607 2875 657 2934 τόν
677 2873 875 2950 Εὐρυκλείδεω.
900 2875 926 2931 οἱ
949 2871 1005 2953 γαρ

206 2961 353 3041 σύμμαχοι
370 2962 419 3021 οὐκ
438 2963 557 3037 ἔφασαν,
574 2961 608 3037 ἢν
627 2962 667 3038 μη
689 2962 704 3021 ὁ
725 2961 825 3022 Λάκων
840 2960 1004 3042 ἡγεμονεύῃ,

206 3048 381 3126 Ἀθηναίοισι
402 3049 520 3126 ἕψεσθαι
540 3048 726 3129 ἡγεομένοισι,
748 3048 826 3109 ἄλλα
846 3049 945 3109 λύσειν
971 3049 1005 3106 τὰ

171 3139 313 3215 3μέλλον
339 3138 455 3196 ἔσεσθαι
485 3135 654 3213 στράτευμα.
708 3137 837 3217 Ἐγένετο
863 3136 918 3217 γοὶρ
947 3135 1006 3195 κατ’

206 3224 296 3305 ἀρχᾶς
315 3224 409 3305 λόγος,
430 3223 496 3300 πρὶν
515 3221 534 3298 ἢ
555 3225 601 3282 καὶ
618 3230 645 3288 ἒς
664 3226 794 3301 Σικελίην
816 3225 935 3300 πέμπειν
960 3224 1007 3282 ε’πὶ

207 3314 379 3390 συμμαχίην,
402 3311 437 3373 αἷς
459 3309 492 3370 τό
513 3313 640 3371 ναυτικόν
660 3311 834 3387 Ἀθηναίοισι
855 3309 939 3387 χρεδν
964 3310 1007 3384 εἴη
