2262 3534
147 196 149 202 ,
171 158 274 224 17-19]
475 156 661 207 κκικῐοιῑο.
918 156 965 203 289

170 236 279 316 θανάτῳ
299 237 406 305 δαίσειν,
421 235 664 310 διαβεβλημένους
681 233 736 293 ύπδ
751 235 917 302 Θεσσαλῶν,
931 232 967 298 ὦς

170 326 224 407 ἐγώ
240 325 345 396 εἰκάζω·
366 329 414 384 νῦν
431 323 469 383 ,ὧν
485 321 567 399 ἄνδρα
586 321 677 383 πάντα
692 322 754 382 τινιί
775 322 864 398 ὑμέων
883 321 967 402 χρεόν
1010 351 1011 358 ·

170 419 233 474 ἐστι
245 413 376 494 γενέσθαι
389 411 503 494 ἀγαθόν·
521 413 643 490 κρέσσον
655 411 711 492 γάρ
724 410 868 474 ποιεῦντάς
880 437 908 470 τι
921 411 967 472 καί

169 500 356 578 ἀμυνομένους
369 505 537 576 τελευτῆσαι
546 500 597 562 τόν
610 503 703 568 αἰῶνα,
713 497 784 575 ἥπερ
795 500 967 577 παρέχοντας

170 587 356 666 διαφθαρῆναι
367 590 506 668 αἰσχίστῳ
519 588 606 666 μόρῳ·
623 586 700 646 ἀλλὰ
709 587 820 663 μαθέτω
828 613 869 649 τις
880 587 968 646 αὐτῶν

170 677 213 738 ὅτι
229 677 318 739 ἐόντες
333 677 479 755 βάρβαροι
495 675 537 735 ἐπ’
548 675 676 751 Ἕλλησι
692 675 810 752 α’νδράσι
824 674 912 750 φόνον
926 677 966 752 έρ-

169 765 287 844 ραψαν.”
327 765 361 824 Ὁ
378 768 429 841 μὲν
445 764 481 824 ὧν
498 768 588 824 ταῦτα
603 763 743 841 παραίνεε·
765 767 792 825 οἱ
813 761 843 822 δὲ
864 765 966 833 ἱππέες,
978 767 1014 826 18

170 855 232 914 ἐπεί
246 856 278 914 τέ
295 859 387 930 σφεας
399 853 602 924 ἐκυκλώσαντο,
616 852 773 928 ἐπήλαυνον
787 851 822 916 ὦς
834 850 969 911 ιίπολεῦν-

168 967 221 1015 τες,
236 943 282 1000 καί
296 942 329 1018 δή
344 943 507 1002 διετείνοντο
521 942 558 1002 τοὶ
575 942 666 1017 βέλεα
679 940 715 1002 οἷς
732 939 899 1016 ἀπήσοντες·
921 940 970 998 καί

170 1029 219 1091 κού
238 1055 280 1092 τις
300 1031 346 1088 καί
367 1028 466 1105 α’πῆκε.
509 1031 554 1090 καὶ
572 1032 598 1088 οἰ
614 1028 703 1088 άντίοι
724 1029 855 1100 ἔστασαν,
877 1027 968 1103 πάντη

170 1117 377 1195 συστρέψαντες
391 1117 505 1181 ἑωυτούς
519 1118 564 1176 καὶ
577 1116 770 1179 πυκνώσαντες
782 1115 818 1178 αἷς
829 1116 966 1193 μάλιστα·

170 1205 288 1264 ἐνθαῦτα
315 1209 342 1264 οἰ
369 1205 486 1266 ἱππόται
511 1205 698 1282 ὑπέστρεφον,
727 1205 772 1264 καὶ
805 1203 967 1279 α’πήλαυνον

170 1290 270 1350 ὀπίσω.
312 1292 362 1352 ούκ
379 1294 432 1372 ἐχω
451 1293 473 1351 δ’
490 1292 623 1370 ἀτρεκέως
639 1295 732 1361 εἰπεῖν,
752 1291 815 1352 ούτε
836 1295 859 1350 εἰ
878 1291 967 1366 ἦλθον

169 1383 221 1457 μέν
238 1381 406 1444 ἀπολέοντες
423 1381 488 1445 τούς
502 1382 613 1444 Φωκέας
631 1381 781 1456 δεηθέντων
801 1384 966 1449 Θεσσαλῶν,

170 1470 229 1528 ἐπεὶ
243 1469 272 1528 δὲ
286 1468 361 1546 ὥρων
374 1468 445 1547 πρδς
457 1468 592 1545 ἀλέξησιν
610 1469 808 1546 τραπομένους,
827 1468 967 1531 δείσαντες

169 1557 209 1634 μή
225 1558 271 1616 καὶ
286 1558 375 1634 σφίσι
392 1557 506 1639 γένηται
519 1557 651 1634 τρώματα
669 1555 739 1616 οὕτω
757 1557 791 1632 δή
806 1555 968 1632 ἀπήλαυνον

170 1643 269 1705 ὀπίσω·
297 1644 332 1709 ὥς
350 1645 405 1727 γάρ
425 1653 482 1723 σφι
502 1647 657 1706 ἐνετείλατο
677 1645 843 1722 Μαρδόνιος·
868 1644 923 1705 οὔτ’
944 1649 968 1706 εἰ

168 1732 257 1794 αύτῶν
269 1735 434 1811 πειρηθῆναι
442 1734 568 1810 ἠθέλησε
583 1735 647 1794 εἴτι
659 1731 748 1809 α’λκῆς
757 1732 918 1812 μετέχουσι·
932 1732 967 1797 ιύς

186 1823 199 1878 ἐ
214 1820 305 1880 ὀπίσω
320 1821 475 1898 ἀπήλασαν
490 1826 517 1882 οἰ
533 1822 657 1893 ἱππόται,
675 1821 789 1900 πέμψας
809 1821 967 1899 Μαρδόνιος

169 1907 274 1985 κήρυκα
293 1911 372 1990 ἔλεγε
391 1911 466 1970 τάδε·
499 1921 517 1946 “
526 1911 667 1987 θαρσέετε,
688 1908 709 1968 ὦ
730 1911 845 1972 Φωκέες·
872 1909 967 1986 ἄνδρες

168 1996 223 2075 γάρ
237 1996 357 2072 ἐφάνητε
371 1996 461 2059 ἐόντες
474 1997 584 2078 ἀγαθοὶ,
596 1997 645 2058 οὐκ
656 1998 691 2060 ὦς
701 1996 754 2078 ἐγω
765 1996 966 2072 ἐπυνθανόμην·
1010 2021 1013 2028 ·

169 2084 215 2141 καὶ
228 2088 276 2143 νῦν
288 2083 437 2160 προθύμως
451 2085 551 2160 φέρετε
563 2084 613 2144 τόν
625 2084 752 2159 πόλεμον
765 2087 873 2143 τοῦτον·
895 2083 967 2160 εύερ-

169 2172 284 2248 γεσίῃσι
296 2171 351 2250 γὰρ
366 2171 399 2230 ού
413 2171 540 2246 νικήσετε
554 2170 616 2230 ούτε
627 2169 664 2230 ὧν
675 2172 731 2246 ἐμὲ,
742 2169 805 2229 ούτε
814 2169 967 2245 βασιλέα·”

119 2306 125 2315 1
168 2255 204 2316 τιί
216 2258 280 2334 περὶ
293 2259 407 2317 Φωκέων
420 2261 472 2335 μὲν
485 2264 512 2321 ἐς
524 2261 646 2318 τοσοῦτο
660 2258 777 2337 ἐγένετο.

208 2345 422 2420 Λακεδαιμόνιοι
445 2346 483 2414 δὲ,
505 2345 541 2408 ιύς
562 2350 590 2408 ἐς
609 2345 659 2406 τὸν
680 2344 798 2421 Ἰσθμδν
818 2344 916 2421 ἦλθον,
938 2349 1013 2406 ε’ν19

168 2431 256 2512 τούτῳ
272 2433 549 2507 ἐστρατοπεδεύοντο·
570 2431 771 2508 πυνθανόμενοι
789 2433 819 2492 δέ
837 2437 924 2492 ταῦτα
941 2438 967 2494 οἰ

167 2521 264 2579 λοιποὶ
282 2520 511 2596 Πελοποννήσιοι
528 2523 606 2580 τοῖσι
623 2519 659 2579 τά
679 2507 781 2596 α’μείνω
802 2521 921 2592 ἑάνδανε,
941 2526 967 2582 οἶ

168 2606 198 2666 δὲ
218 2609 265 2666 καί
285 2607 409 2685 ὁρέοντες
426 2608 547 2678 ἐξιόντας
565 2607 750 2686 Σπαρτιήτας,
765 2607 814 2668 ούκ
833 2609 966 2670 ἐδικαίευν

168 2697 317 2758 λείπεσθαι
340 2700 392 2772 τῆς
418 2696 513 2766 ἐξόδου
538 2696 771 2773 Λακεδαιμονίων.
813 2702 843 2758 ἐκ
869 2698 903 2774 δή
931 2697 968 2760 ὦν

168 2788 218 2843 τοῦ
249 2783 377 2861 Ἰσθμοῦ,
405 2783 651 2862 καλλιερησάντων
675 2789 730 2844 τῶν
756 2788 829 2863 ἰριιῖν,
858 2787 968 2864 ἐπορεύ·

169 2897 233 2931 οντο
259 2871 360 2936 πάντες
389 2874 436 2932 καὶ
458 2871 635 2933 ἀπικνέονται
661 2877 689 2935 ἐς
713 2871 873 2934 Ἐλευσῖνα·
907 2900 967 2934 ποι-

168 2958 289 3033 ήσαντες
306 2959 398 3020 δὲκαὶ
417 2960 536 3020 ἐνθαῦτα
554 2958 608 3036 ἱροὶ,
623 2958 659 3022 ὥς
675 2966 731 3034 σφι
749 2961 915 3038 ἐκαλλιέρεε,
932 2960 966 3022 τιί

169 3046 267 3125 πρόσω
288 3047 461 3126 ἐπορεύοντο,
482 3045 627 3123 Ἀθηναῖοι
650 3047 679 3105 δέ
699 3045 758 3123 ἅμα
779 3046 890 3108 αύτοῖσι
911 3049 967 3108 δια

168 3135 271 3212 βάντες
290 3139 341 3214 μὲν
362 3142 392 3195 ἐκ
413 3137 573 3210 Σαλαμῖνος
591 3135 776 3214 συμμιγέντες
789 3135 819 3195 δέ
832 3141 861 3195 ἐν
872 3135 967 3197 Ἐλευ-

169 3227 238 3284 σῖνι.
265 3224 301 3288 οἷς
314 3225 343 3284 δέ
357 3223 412 3302 άρα
422 3223 555 3282 ἀπίκοντο
573 3226 623 3296 τῆς
641 3224 772 3299 Βοιωτίης
786 3228 813 3286 ἐς
825 3223 967 3301 Ἐρυθράς,

170 3312 273 3387 ἐμαθύν
285 3341 316 3374 τε
330 3313 364 3390 δή
377 3309 441 3374 τούς
456 3308 623 3388 βαρβάρους
641 3309 687 3368 ἐπὶ
699 3314 738 3381 τῷ
749 3309 870 3394 Ἀσωπῷ
882 3337 966 3391 στρα·
