2276 3538
181 138 228 186 1³2
487 135 669 182 Ἠοοιιοιοιι
897 133 976 197 [vn.

178 239 235 274 νον·
257 215 283 274 οἳ
304 213 451 290 διαβάντες
470 219 497 276 ἐς
512 212 565 288 τήν
577 212 714 290 Εὐρώπην
728 213 799 272 κατ-ά
818 212 977 291 Βόσπορον,

177 301 241 366 τούς
254 329 285 362 τε
299 301 420 379 Θρήϊκας
434 302 658 379 κατεστρέψαντο
672 300 777 364 πάντας
796 301 842 360 καὶ
863 302 909 360 ἐπὶ
929 303 979 363 τόν

177 389 276 450 Ἰόνιον
294 389 397 450 πόντον
415 392 587 465 κατέβησαν,
601 390 685 468 μέχρι
705 415 736 447 τε
752 393 873 464 Πηνειοῦ
893 416 979 449 ποτα·

130 479 165 536 21
177 482 232 554 μοῦ
246 482 300 552 ιτοῦ
318 477 389 554 πρός
408 477 591 553 μεσαμβρίης
609 475 731 551 ἤλασαν.
767 473 856 537 Αὗται
877 479 906 534 αἱ
926 481 979 536 πᾶ-

177 583 236 636 σαι,
248 567 294 625 καὶ
308 566 363 625 οὐδ’
378 571 401 624 εἰ
415 567 505 642 ἕτεραι
518 564 588 641 πρός
601 563 721 641 ταύτῃσι
733 562 879 643 γενόμεναι
892 590 978 640 στρα-

177 656 320 729 τηλασίαι,
335 657 401 730 μιῆς
421 652 508 728 τῆσδε
530 651 579 710 οὐκ
593 651 676 720 ἄξιαι.
718 652 748 710 τί
759 651 813 730 γάρ
827 651 876 710 οὐκ
889 651 979 734 ήγαγε

178 747 208 800 ἐκ
220 747 271 817 τῆς
290 741 390 816 Ἀσίης
404 742 480 802 ἔθνος
494 741 539 798 ἐπὶ
552 739 604 814 τήν
616 739 743 798 Ἑλλάδα
757 739 879 815 Ξέρξης;
902 743 979 800 κοῖον

177 829 207 888 δέ
220 829 367 906 πινόμενόν
380 854 429 904 μιν
441 827 512 903 ὕδωρ
531 827 580 886 οὐκ
599 828 723 896 ἐπέλιπε,
737 825 814 901 πλήν
826 831 881 886 τῶν
893 829 978 906 μεγά-

177 921 234 974 λων
255 921 404 993 ποταμῶν;
427 919 453 975 οἶ
473 919 525 992 μὲν
546 916 600 997 γάρ
622 917 684 978 νέας
705 915 881 993 παρείχοντο,
901 919 927 974 οἱ
948 916 978 976 δὲ

178 1011 205 1067 ἐς
225 1004 309 1076 πεζόν
323 1005 480 1083 ἐτετάχατο·
504 1009 580 1064 τοῖσι
604 1004 633 1063 δέ
659 1005 743 1066 ἵππος
762 1005 976 1080 προσετέτακτο,

177 1097 253 1153 τοῖσι
300 1097 312 1152 ἐ
344 1093 493 1174 ἱππαγωγά
519 1097 607 1152 πλοῖα
634 1091 693 1168 ἅμα
720 1094 977 1170 στρατευομένοισι·

177 1185 253 1242 τοῖσι
267 1182 296 1241 δέ
310 1187 337 1245 ἐς
349 1181 399 1244 ταὶς
411 1181 536 1262 γεφύρας
544 1180 656 1258 Ιμακράς
670 1181 732 1243 νέας
748 1182 887 1259 παρέχειν,
901 1185 977 1240 τοῖσι

178 1270 208 1329 δέ
228 1270 295 1330 σῖτά
314 1297 344 1330 τε
366 1271 411 1328 καὶ
432 1271 503 1332 νέας.
972 1287 975 1294 “

130 1362 168 1418 22
219 1360 276 1418 Καὶ
296 1363 378 1418 τοῦτο
392 1361 451 1434 μέν,
466 1357 501 1421 ώς
513 1357 767 1434 προσπταισάντων
787 1361 842 1416 τῶν
862 1357 977 1434 πρώτων

177 1447 383 1524 περιπλεόντων
409 1447 473 1522 περὶ
499 1446 549 1505 τόν
570 1445 672 1513 Ἀθων,
700 1443 916 1521 προετοιμάζετο
947 1451 977 1504 ἐκ

177 1540 259 1610 τριῶν
286 1535 366 1592 ἐτέων
392 1559 441 1591 κου
467 1532 594 1609 μάλιστα
619 1537 646 1594 ἐς
670 1533 718 1592 τόν
736 1530 843 1592 Ἀθων·
872 1537 900 1592 ἐν
921 1533 976 1613 γάρ

177 1621 336 1680 Ἐλαιοῦντι
359 1625 410 1696 τῆς
433 1620 618 1696 Χερσονήσου
644 1619 749 1697 ὥρμεον
772 1620 905 1697 τριήρεες·
935 1627 975 1680 ἐν·

178 1711 273 1770 θεῦτεν
287 1709 316 1767 δέ
329 1707 505 1786 ὁρμεώμενοι,
521 1707 650 1786 ὤρυσσον
668 1708 723 1767 ὑπό
744 1709 888 1788 μαστίγων
908 1735 974 1770 παν-

177 1798 294 1857 τοδαποὶ
314 1801 364 1872 τῆς
377 1801 519 1872 στρατιῆς·
541 1797 665 1874 διάδοχοι
681 1795 704 1854 δ’
719 1796 845 1871 ἐφοίτων.
888 1795 976 1873 ώρυσ-

178 1911 232 1944 σον
245 1885 274 1944 δέ
288 1885 333 1943 καὶ
347 1889 373 1944 οἱ
387 1885 450 1960 περὶ
462 1884 511 1944 τόν
519 1884 612 1944 Ἀθων
627 1885 828 1960 κατοικημένοι.
863 1885 975 1959 Βουβά-

176 2000 226 2052 ρης
248 1973 277 2033 δὲ
298 1973 313 2032 6
336 1972 517 2054 Μεγαβάζου,
542 1974 587 2031 καὶ
608 1971 777 2050 Ἀρταχαίης
800 1971 815 2030 6
836 1971 975 2049 Ἀρταίου,

176 2061 271 2138 ἄνδρες
280 2063 399 2138 Πέρσαι,
413 2061 581 2120 ἐπεστότεον
594 2063 644 2119 τοῦ
660 2061 749 2140 ἔργου,
792 2059 808 2118 6
821 2060 875 2139 γάρ
884 2059 977 2124 ’Ἀθως

178 2152 239 2210 ἐστὶ
262 2149 326 2227 όρος
348 2151 422 2230 μέγα
443 2175 475 2207 τε
497 2149 543 2207 καὶ
565 2147 748 2224 οὐνομαστόν,
774 2153 800 2209 ἐς
825 2147 977 2209 θάλασσαν

179 2244 306 2315 κατῆκον,
330 2238 475 2313 οἰκημένον
496 2236 551 2296 ὑπό
574 2235 734 2312 ἀνθρώπων·
756 2235 839 2313 τῇδὲ
860 2241 977 2316 τελευτᾷ

178 2333 204 2389 ἐς
217 2326 269 2402 τήν
284 2325 399 2402 ἤπειρον
412 2325 444 2384 τό
459 2323 530 2402 ὅρος,
545 2323 775 2404 χερσονησοειδές
795 2324 828 2381 τέ
847 2327 909 2382 ἐστι
931 2327 976 2384 καὶ

179 2401 280 2490 ἰσθμός
294 2413 329 2475 ώς
342 2412 445 2471 δώδεκα
462 2413 590 2471 σταδίων·
613 2412 708 2470 πεδίον
727 2411 756 2469 δὲ
774 2415 857 2470 τοῦτο
873 2413 918 2470 καὶ
933 2441 977 2473 κο-

178 2502 261 2560 λωνοὶ
280 2500 311 2559 οὗ
330 2499 450 2580 μεγάλοι
472 2505 501 2558 ἐκ
523 2499 673 2574 θαλάσσης
689 2504 739 2575 τῆς
758 2498 911 2560 Ἀκανθίων
933 2502 978 2559 ἐπὶ

178 2589 329 2649 θάλασσαν
354 2587 406 2663 τήν
429 2587 523 2646 άντίον
546 2587 687 2664 Τορώνης·
717 2594 746 2647 ἐν
770 2588 800 2646 δὲ
823 2592 861 2666 τῷ
886 2591 978 2668 ἰσθμῷ

176 2675 273 2754 τούτῳ,
290 2681 317 2738 ἐς
334 2674 383 2734 τόν
395 2679 512 2754 τελευτᾷ
534 2675 662 2746 ὁἈθως,
678 2676 753 2752 Σάνη
769 2675 853 2740 πόλις
872 2675 979 2740 Ἑλλάς

178 2766 294 2840 οἴκηται·
316 2767 345 2822 αἱ
359 2764 388 2822 δὲ
402 2764 478 2827 ἐντός
493 2763 582 2840 Σάνης
597 2766 651 2823 ἔσω
665 2764 694 2822 δὲ
707 2769 757 2822 τοῦ
773 2763 852 2825 ’Ἀθω
869 2767 974 2840 οἰκημέ-

178 2879 230 2923 ναι,
244 2853 294 2916 τάς
306 2852 370 2913 τότε
383 2853 399 2913 6
411 2855 526 2930 Πέρσης
540 2853 703 2929 νησιώτιδας
718 2853 779 2912 ἀντὶ
793 2853 979 2930 ήπειρωτίδων

177 2941 288 3020 ώρμητο
296 2943 407 3010 ποιέειν,
412 2942 467 3000 εἰσὶ
475 2943 543 3000 αἵδε·
553 2939 977 3017 Δῖον,Ὀλόφυξος,Ἀκράθωον,

178 3030 299 3102 Θύσσος,
311 3031 448 3090 Κλεωναί·
470 3032 553 3092 πόλις
566 3031 617 3104 μὲν
627 3027 716 3098 αὗται,
729 3029 758 3086 αἳ
771 3029 820 3088 τόν
834 3027 924 3088 Ἀθων
938 3031 979 3089 νέ-

130 3121 168 3176 23
179 3145 287 3195 μονται.
323 3119 471 3195 Ὠρυσσον
485 3118 514 3174 δὲ
529 3114 589 3174 ὦδε·
612 3116 764 3192 δασάμενοι
780 3117 830 3177 τόν
843 3121 936 3196 χῶρον
953 3122 979 3178 οἶ

178 3206 324 3283 βάρβαροι
339 3204 409 3265 κατά
423 3205 509 3272 ἔθνεα,
520 3204 590 3262 κατά
599 3204 691 3280 Σάνην
705 3204 790 3264 πόλιν
804 3207 980 3282 σχοινοσενές

495 3292 574 3314 λὶΙ

177 3295 373 3370 ποιησάμενοι·
395 3293 454 3350 ἐπεὶ
476 3291 505 3349 δε
527 3317 635 3370 εγενετο
656 3293 760 3366 βαθεῖα
782 3291 801 3366 ή
822 3291 930 3367 διώρυξ,
953 3297 980 3353 οἱ
