<?xml version="1.0" encoding="UTF-8"?>
<!DOCTYPE html PUBLIC "-//W3C//DTD XHTML 1.0 Transitional//EN"
    "http://www.w3.org/TR/xhtml1/DTD/xhtml1-transitional.dtd">
<html xmlns="http://www.w3.org/1999/xhtml" xml:lang="en" lang="en">
 <head>
  <title>
</title>
<meta http-equiv="Content-Type" content="text/html;charset=utf-8" />
  <meta name='ocr-system' content='tesseract 3.04.00' />
  <meta name='ocr-capabilities' content='ocr_page ocr_carea ocr_par ocr_line ocrx_word'/>
</head>
<body>
  <div class='ocr_page' id='page_1' title='image "./herodotusrecens02blakgoog_0181.png"; bbox 0 0 2276 3538; ppageno 0'>
   <div class='ocr_carea' id='block_1_1' title="bbox 143 161 990 3452">
    <p class='ocr_par' dir='ltr' id='par_1_1' title="bbox 144 161 990 2962">
     <span class='ocr_line' id='line_1_1' title="bbox 146 161 945 227; baseline 0 -17"><span class='ocrx_word' id='word_1_1' title='bbox 146 161 286 227; x_wconf 81' lang='lat'>135—138]</span> <span class='ocrx_word' id='word_1_2' title='bbox 456 163 639 211; x_wconf 79' lang='lat' dir='ltr'>IIOATMNIA.</span> <span class='ocrx_word' id='word_1_3' title='bbox 899 163 945 214; x_wconf 82' lang='lat'>173</span> 
     </span>
     <span class='ocr_line' id='line_1_2' title="bbox 145 241 947 322; baseline 0.004 -22"><span class='ocrx_word' id='word_1_4' title='bbox 145 242 258 318; x_wconf 89' lang='grc' dir='ltr'>Μήδων,</span> <span class='ocrx_word' id='word_1_5' title='bbox 281 245 407 322; x_wconf 79' lang='grc' dir='ltr'>ἔπεμψαν</span> <span class='ocrx_word' id='word_1_6' title='bbox 427 243 515 320; x_wconf 87' lang='grc' dir='ltr'>ήμέας</span> <span class='ocrx_word' id='word_1_7' title='bbox 536 242 750 320; x_wconf 83' lang='grc' dir='ltr'>Λακεδαιμόνιοι</span> <span class='ocrx_word' id='word_1_8' title='bbox 768 241 829 302; x_wconf 85' lang='grc' dir='ltr'>ἀντὶ</span> <span class='ocrx_word' id='word_1_9' title='bbox 843 247 898 303; x_wconf 76' lang='grc' dir='ltr'>τῶν</span> <span class='ocrx_word' id='word_1_10' title='bbox 917 248 947 303; x_wconf 88' lang='grc' dir='ltr'>ἐν</span> 
     </span>
     <span class='ocr_line' id='line_1_3' title="bbox 147 331 947 409; baseline 0.004 -21"><span class='ocrx_word' id='word_1_11' title='bbox 147 331 262 408; x_wconf 81' lang='grc' dir='ltr'>Σπάρτῃ</span> <span class='ocrx_word' id='word_1_12' title='bbox 275 331 457 407; x_wconf 74' lang='grc' dir='ltr'>ἀπολομένων</span> <span class='ocrx_word' id='word_1_13' title='bbox 471 331 602 409; x_wconf 81' lang='grc' dir='ltr'>κηρύκων,</span> <span class='ocrx_word' id='word_1_14' title='bbox 615 331 714 407; x_wconf 87' lang='grc' dir='ltr'>ποινήν</span> <span class='ocrx_word' id='word_1_15' title='bbox 733 331 841 391; x_wconf 81' lang='grc' dir='ltr'>ἐκείνων</span> <span class='ocrx_word' id='word_1_16' title='bbox 852 332 947 391; x_wconf 86' lang='grc' dir='ltr'>τίσον·</span> 
     </span>
     <span class='ocr_line' id='line_1_4' title="bbox 144 418 946 500; baseline -0.002 -21"><span class='ocrx_word' id='word_1_17' title='bbox 144 419 219 482; x_wconf 87' lang='grc' dir='ltr'>τας·”</span> <span class='ocrx_word' id='word_1_18' title='bbox 247 420 365 500; x_wconf 86' lang='grc' dir='ltr'>λέγουσι</span> <span class='ocrx_word' id='word_1_19' title='bbox 379 419 408 478; x_wconf 84' lang='grc' dir='ltr'>δέ</span> <span class='ocrx_word' id='word_1_20' title='bbox 421 419 531 479; x_wconf 86' lang='grc' dir='ltr'>αύτοῖσι</span> <span class='ocrx_word' id='word_1_21' title='bbox 544 424 631 482; x_wconf 83' lang='grc' dir='ltr'>ταῦτα</span> <span class='ocrx_word' id='word_1_22' title='bbox 642 420 747 497; x_wconf 73' lang='grc' dir='ltr'>Ξέρξης</span> <span class='ocrx_word' id='word_1_23' title='bbox 756 418 811 479; x_wconf 82' lang='grc' dir='ltr'>ύπό</span> <span class='ocrx_word' id='word_1_24' title='bbox 824 423 946 500; x_wconf 87' lang='grc' dir='ltr'>μεγαλο-</span> 
     </span>
     <span class='ocr_line' id='line_1_5' title="bbox 145 507 944 585; baseline 0 -19"><span class='ocrx_word' id='word_1_25' title='bbox 145 507 288 584; x_wconf 81' lang='grc' dir='ltr'>φροσύνης</span> <span class='ocrx_word' id='word_1_26' title='bbox 305 507 355 566; x_wconf 86' lang='grc' dir='ltr'>ούκ</span> <span class='ocrx_word' id='word_1_27' title='bbox 372 509 426 584; x_wconf 85' lang='grc' dir='ltr'>ἔφη</span> <span class='ocrx_word' id='word_1_28' title='bbox 442 507 538 585; x_wconf 84' lang='grc' dir='ltr'>ὁμοῖος</span> <span class='ocrx_word' id='word_1_29' title='bbox 555 509 672 568; x_wconf 84' lang='grc' dir='ltr'>ἔσεσθαι</span> <span class='ocrx_word' id='word_1_30' title='bbox 690 508 944 584; x_wconf 85' lang='grc' dir='ltr'>Λακεδαιμονίοισι·</span> 
     </span>
     <span class='ocr_line' id='line_1_6' title="bbox 146 594 944 676; baseline 0 -24"><span class='ocrx_word' id='word_1_31' title='bbox 146 597 249 658; x_wconf 78' lang='grc' dir='ltr'>κείνους</span> <span class='ocrx_word' id='word_1_32' title='bbox 256 599 307 671; x_wconf 88' lang='grc' dir='ltr'>μέν</span> <span class='ocrx_word' id='word_1_33' title='bbox 314 596 370 676; x_wconf 82' lang='grc' dir='ltr'>γάρ</span> <span class='ocrx_word' id='word_1_34' title='bbox 381 597 501 676; x_wconf 79' lang='grc' dir='ltr'>συγχέαι</span> <span class='ocrx_word' id='word_1_35' title='bbox 509 595 544 655; x_wconf 83' lang='grc' dir='ltr'>τά</span> <span class='ocrx_word' id='word_1_36' title='bbox 553 595 663 656; x_wconf 89' lang='grc' dir='ltr'>πάντων</span> <span class='ocrx_word' id='word_1_37' title='bbox 671 594 822 673; x_wconf 78' lang='grc' dir='ltr'>ἀνθρώπων</span> <span class='ocrx_word' id='word_1_38' title='bbox 831 594 944 671; x_wconf 86' lang='grc' dir='ltr'>νόμιμα,</span> 
     </span>
     <span class='ocr_line' id='line_1_7' title="bbox 145 681 944 760; baseline 0 -20"><span class='ocrx_word' id='word_1_39' title='bbox 145 681 358 746; x_wconf 88' lang='grc' dir='ltr'>ἀποκτείναντας</span> <span class='ocrx_word' id='word_1_40' title='bbox 378 685 505 760; x_wconf 88' lang='grc' dir='ltr'>κήρυκας·</span> <span class='ocrx_word' id='word_1_41' title='bbox 534 683 617 747; x_wconf 81' lang='grc' dir='ltr'>αύτάς</span> <span class='ocrx_word' id='word_1_42' title='bbox 638 684 667 743; x_wconf 87' lang='grc' dir='ltr'>δὲ</span> <span class='ocrx_word' id='word_1_43' title='bbox 687 683 723 742; x_wconf 88' lang='grc' dir='ltr'>τά</span> <span class='ocrx_word' id='word_1_44' title='bbox 750 685 865 742; x_wconf 85' lang='grc' dir='ltr'>κείνοισι</span> <span class='ocrx_word' id='word_1_45' title='bbox 888 687 944 741; x_wconf 91' lang='grc' dir='ltr'>ε’πι-</span> 
     </span>
     <span class='ocr_line' id='line_1_8' title="bbox 145 770 944 846; baseline -0.001 -18"><span class='ocrx_word' id='word_1_46' title='bbox 145 770 272 846; x_wconf 88' lang='grc' dir='ltr'>πλήσσει</span> <span class='ocrx_word' id='word_1_47' title='bbox 290 775 378 830; x_wconf 84' lang='grc' dir='ltr'>ταῦτα</span> <span class='ocrx_word' id='word_1_48' title='bbox 389 771 421 831; x_wconf 87' lang='grc' dir='ltr'>ού</span> <span class='ocrx_word' id='word_1_49' title='bbox 433 771 570 846; x_wconf 82' lang='grc' dir='ltr'>ποιήσειν,</span> <span class='ocrx_word' id='word_1_50' title='bbox 586 770 641 830; x_wconf 80' lang='grc' dir='ltr'>οὐδ’</span> <span class='ocrx_word' id='word_1_51' title='bbox 652 770 865 831; x_wconf 76' lang='grc' dir='ltr'>ἀνταποκτείνας</span> <span class='ocrx_word' id='word_1_52' title='bbox 880 771 944 828; x_wconf 91' lang='grc' dir='ltr'>ἐκεί-</span> 
     </span>
     <span class='ocr_line' id='line_1_9' title="bbox 145 853 990 935; baseline -0.001 -18"><span class='ocrx_word' id='word_1_53' title='bbox 145 884 215 928; x_wconf 91' lang='grc' dir='ltr'>νους,</span> <span class='ocrx_word' id='word_1_54' title='bbox 233 858 388 919; x_wconf 73' lang='grc' dir='ltr'>ἀπολύσειν</span> <span class='ocrx_word' id='word_1_55' title='bbox 408 859 641 935; x_wconf 84' lang='grc' dir='ltr'>Λακεδαιμονίους</span> <span class='ocrx_word' id='word_1_56' title='bbox 656 863 706 934; x_wconf 82' lang='grc' dir='ltr'>τῆς</span> <span class='ocrx_word' id='word_1_57' title='bbox 724 859 818 934; x_wconf 52' lang='grc' dir='ltr'>αἰτίης,</span> <span class='ocrx_word' id='word_1_58' title='bbox 844 853 923 916; x_wconf 77' lang='grc' dir='ltr'>Οὕτω</span> <span class='ocrx_word' id='word_1_59' title='bbox 935 855 990 916; x_wconf 82' lang='grc'>137</span> 
     </span>
     <span class='ocr_line' id='line_1_10' title="bbox 145 945 944 1024; baseline -0.001 -20"><span class='ocrx_word' id='word_1_60' title='bbox 145 945 164 1021; x_wconf 84' lang='grc' dir='ltr'>ή</span> <span class='ocrx_word' id='word_1_61' title='bbox 183 948 279 1006; x_wconf 86' lang='grc' dir='ltr'>Ταλθυ</span> <span class='ocrx_word' id='word_1_62' title='bbox 291 948 348 1006; x_wconf 80' lang='grc' dir='ltr'>·’ίου</span> <span class='ocrx_word' id='word_1_63' title='bbox 369 951 458 1024; x_wconf 79' lang='grc' dir='ltr'>μῆνις,</span> <span class='ocrx_word' id='word_1_64' title='bbox 481 948 526 1004; x_wconf 87' lang='grc' dir='ltr'>καὶ</span> <span class='ocrx_word' id='word_1_65' title='bbox 547 949 634 1005; x_wconf 84' lang='grc' dir='ltr'>ταῦτα</span> <span class='ocrx_word' id='word_1_66' title='bbox 657 946 832 1022; x_wconf 89' lang='grc' dir='ltr'>ποιησάντων</span> <span class='ocrx_word' id='word_1_67' title='bbox 852 947 944 1022; x_wconf 80' lang='grc' dir='ltr'>Σπαρ-</span> 
     </span>
     <span class='ocr_line' id='line_1_11' title="bbox 145 1033 944 1111; baseline 0 -19"><span class='ocrx_word' id='word_1_68' title='bbox 145 1035 266 1108; x_wconf 90' lang='grc' dir='ltr'>τιητέων,</span> <span class='ocrx_word' id='word_1_69' title='bbox 289 1035 431 1095; x_wconf 89' lang='grc' dir='ltr'>ἐπαύσατο</span> <span class='ocrx_word' id='word_1_70' title='bbox 454 1034 487 1094; x_wconf 85' lang='grc' dir='ltr'>τά</span> <span class='ocrx_word' id='word_1_71' title='bbox 514 1035 676 1110; x_wconf 87' lang='grc' dir='ltr'>παραυτίκα,</span> <span class='ocrx_word' id='word_1_72' title='bbox 706 1035 804 1111; x_wconf 90' lang='grc' dir='ltr'>καίπερ</span> <span class='ocrx_word' id='word_1_73' title='bbox 825 1033 944 1092; x_wconf 91' lang='grc' dir='ltr'>ἀπονοσ-</span> 
     </span>
     <span class='ocr_line' id='line_1_12' title="bbox 145 1121 944 1200; baseline -0.001 -20"><span class='ocrx_word' id='word_1_74' title='bbox 145 1121 290 1196; x_wconf 86' lang='grc' dir='ltr'>τησάντων</span> <span class='ocrx_word' id='word_1_75' title='bbox 314 1127 341 1186; x_wconf 89' lang='grc' dir='ltr'>ἐς</span> <span class='ocrx_word' id='word_1_76' title='bbox 365 1123 497 1200; x_wconf 78' lang='grc' dir='ltr'>Σπάρτην</span> <span class='ocrx_word' id='word_1_77' title='bbox 524 1121 664 1199; x_wconf 79' lang='grc' dir='ltr'>Σπερθίεώ</span> <span class='ocrx_word' id='word_1_78' title='bbox 690 1148 720 1181; x_wconf 89' lang='grc' dir='ltr'>τε</span> <span class='ocrx_word' id='word_1_79' title='bbox 743 1122 789 1180; x_wconf 87' lang='grc' dir='ltr'>καὶ</span> <span class='ocrx_word' id='word_1_80' title='bbox 816 1121 944 1184; x_wconf 83' lang='grc' dir='ltr'>Βούλιος·</span> 
     </span>
     <span class='ocr_line' id='line_1_13' title="bbox 146 1207 944 1290; baseline 0 -23"><span class='ocrx_word' id='word_1_81' title='bbox 146 1208 237 1288; x_wconf 78' lang='grc' dir='ltr'>χρόνῳ</span> <span class='ocrx_word' id='word_1_82' title='bbox 263 1210 292 1268; x_wconf 85' lang='grc' dir='ltr'>δέ</span> <span class='ocrx_word' id='word_1_83' title='bbox 318 1212 465 1286; x_wconf 86' lang='grc' dir='ltr'>μετέπειτα</span> <span class='ocrx_word' id='word_1_84' title='bbox 492 1214 591 1288; x_wconf 78' lang='grc' dir='ltr'>πολλῷ</span> <span class='ocrx_word' id='word_1_85' title='bbox 619 1211 766 1290; x_wconf 78' lang='grc' dir='ltr'>ἐπηγέρθη,</span> <span class='ocrx_word' id='word_1_86' title='bbox 794 1209 863 1268; x_wconf 84' lang='grc' dir='ltr'>κατά</span> <span class='ocrx_word' id='word_1_87' title='bbox 893 1207 944 1267; x_wconf 83' lang='grc' dir='ltr'>τάν</span> 
     </span>
     <span class='ocr_line' id='line_1_14' title="bbox 149 1296 943 1376; baseline 0 -22"><span class='ocrx_word' id='word_1_88' title='bbox 149 1299 384 1373; x_wconf 88' lang='grc' dir='ltr'>Πελοποννησίων</span> <span class='ocrx_word' id='word_1_89' title='bbox 400 1300 445 1356; x_wconf 87' lang='grc' dir='ltr'>καὶ</span> <span class='ocrx_word' id='word_1_90' title='bbox 457 1298 611 1374; x_wconf 89' lang='grc' dir='ltr'>Ἀθηναίων</span> <span class='ocrx_word' id='word_1_91' title='bbox 629 1297 763 1374; x_wconf 86' lang='grc' dir='ltr'>πόλεμον,</span> <span class='ocrx_word' id='word_1_92' title='bbox 779 1296 814 1360; x_wconf 79' lang='grc' dir='ltr'>ὦς</span> <span class='ocrx_word' id='word_1_93' title='bbox 826 1297 943 1376; x_wconf 90' lang='grc' dir='ltr'>λέγουσι</span> 
     </span>
     <span class='ocr_line' id='line_1_15' title="bbox 147 1385 944 1462; baseline 0 -20"><span class='ocrx_word' id='word_1_94' title='bbox 147 1385 367 1462; x_wconf 85' lang='grc' dir='ltr'>Λακεδαιμόνιοι.</span> <span class='ocrx_word' id='word_1_95' title='bbox 409 1385 491 1445; x_wconf 83' lang='grc' dir='ltr'>τοῦτό</span> <span class='ocrx_word' id='word_1_96' title='bbox 511 1411 560 1462; x_wconf 92' lang='grc' dir='ltr'>μοι</span> <span class='ocrx_word' id='word_1_97' title='bbox 579 1390 608 1444; x_wconf 93' lang='grc' dir='ltr'>ἐν</span> <span class='ocrx_word' id='word_1_98' title='bbox 625 1390 700 1444; x_wconf 83' lang='grc' dir='ltr'>τοῖσι</span> <span class='ocrx_word' id='word_1_99' title='bbox 719 1385 861 1445; x_wconf 88' lang='grc' dir='ltr'>θειότατον</span> <span class='ocrx_word' id='word_1_100' title='bbox 880 1385 944 1460; x_wconf 85' lang='grc' dir='ltr'>φαί-</span> 
     </span>
     <span class='ocr_line' id='line_1_16' title="bbox 146 1471 945 1554; baseline 0.004 -23"><span class='ocrx_word' id='word_1_101' title='bbox 146 1499 220 1532; x_wconf 88' lang='grc' dir='ltr'>νεται</span> <span class='ocrx_word' id='word_1_102' title='bbox 233 1474 373 1554; x_wconf 89' lang='grc' dir='ltr'>γενέσθαι.</span> <span class='ocrx_word' id='word_1_103' title='bbox 411 1473 454 1533; x_wconf 86' lang='grc' dir='ltr'>ὅτι</span> <span class='ocrx_word' id='word_1_104' title='bbox 466 1477 518 1550; x_wconf 80' lang='grc' dir='ltr'>μὲν</span> <span class='ocrx_word' id='word_1_105' title='bbox 527 1473 581 1551; x_wconf 86' lang='grc' dir='ltr'>γάρ</span> <span class='ocrx_word' id='word_1_106' title='bbox 596 1475 754 1551; x_wconf 84' lang='grc' dir='ltr'>κατέσκηψε</span> <span class='ocrx_word' id='word_1_107' title='bbox 768 1478 795 1536; x_wconf 85' lang='grc' dir='ltr'>ἐς</span> <span class='ocrx_word' id='word_1_108' title='bbox 808 1471 945 1554; x_wconf 75' lang='grc' dir='ltr'>ἀγγέλους</span> 
     </span>
     <span class='ocr_line' id='line_1_17' title="bbox 146 1559 942 1639; baseline 0.003 -23"><span class='ocrx_word' id='word_1_109' title='bbox 146 1561 164 1635; x_wconf 85' lang='grc' dir='ltr'>ή</span> <span class='ocrx_word' id='word_1_110' title='bbox 184 1562 348 1638; x_wconf 69' lang='grc' dir='ltr'>Ταλθυβίου</span> <span class='ocrx_word' id='word_1_111' title='bbox 368 1567 457 1639; x_wconf 79' lang='grc' dir='ltr'>μῆνις,</span> <span class='ocrx_word' id='word_1_112' title='bbox 478 1561 540 1620; x_wconf 87' lang='grc' dir='ltr'>ου’δέ</span> <span class='ocrx_word' id='word_1_113' title='bbox 557 1560 698 1620; x_wconf 87' lang='grc' dir='ltr'>ἐπαύσατο</span> <span class='ocrx_word' id='word_1_114' title='bbox 714 1562 780 1638; x_wconf 81' lang='grc' dir='ltr'>πρὶν</span> <span class='ocrx_word' id='word_1_115' title='bbox 797 1559 815 1636; x_wconf 79' lang='grc' dir='ltr'>ἢ</span> <span class='ocrx_word' id='word_1_116' title='bbox 835 1561 942 1636; x_wconf 74' lang='grc' dir='ltr'>ἐξῆλθε,</span> 
     </span>
     <span class='ocr_line' id='line_1_18' title="bbox 146 1647 943 1727; baseline 0.006 -20"><span class='ocrx_word' id='word_1_117' title='bbox 146 1650 177 1708; x_wconf 79' lang='grc' dir='ltr'>τά</span> <span class='ocrx_word' id='word_1_118' title='bbox 199 1651 305 1709; x_wconf 84' lang='grc' dir='ltr'>δίκαιον</span> <span class='ocrx_word' id='word_1_119' title='bbox 326 1649 396 1708; x_wconf 82' lang='grc' dir='ltr'>οὕτω</span> <span class='ocrx_word' id='word_1_120' title='bbox 419 1651 510 1727; x_wconf 83' lang='grc' dir='ltr'>ἔφερε·</span> <span class='ocrx_word' id='word_1_121' title='bbox 541 1649 574 1708; x_wconf 73' lang='grc' dir='ltr'>τι)</span> <span class='ocrx_word' id='word_1_122' title='bbox 597 1650 626 1709; x_wconf 81' lang='grc' dir='ltr'>δὲ</span> <span class='ocrx_word' id='word_1_123' title='bbox 650 1653 805 1725; x_wconf 84' lang='grc' dir='ltr'>συμπεσεῖν</span> <span class='ocrx_word' id='word_1_124' title='bbox 828 1654 855 1712; x_wconf 85' lang='grc' dir='ltr'>ἐς</span> <span class='ocrx_word' id='word_1_125' title='bbox 878 1647 943 1712; x_wconf 77' lang='grc' dir='ltr'>τούς</span> 
     </span>
     <span class='ocr_line' id='line_1_19' title="bbox 147 1736 944 1815; baseline 0.006 -20"><span class='ocrx_word' id='word_1_126' title='bbox 147 1738 245 1800; x_wconf 85' lang='grc' dir='ltr'>παῖδας</span> <span class='ocrx_word' id='word_1_127' title='bbox 270 1743 324 1797; x_wconf 75' lang='grc' dir='ltr'>τῶν</span> <span class='ocrx_word' id='word_1_128' title='bbox 351 1737 456 1815; x_wconf 82' lang='grc' dir='ltr'>ἀνδρῶν</span> <span class='ocrx_word' id='word_1_129' title='bbox 478 1737 582 1797; x_wconf 91' lang='grc' dir='ltr'>τούτων</span> <span class='ocrx_word' id='word_1_130' title='bbox 607 1742 661 1797; x_wconf 84' lang='grc' dir='ltr'>τῶν</span> <span class='ocrx_word' id='word_1_131' title='bbox 685 1737 847 1814; x_wconf 79' lang='grc' dir='ltr'>ἀναβάντων</span> <span class='ocrx_word' id='word_1_132' title='bbox 874 1736 944 1812; x_wconf 78' lang='grc' dir='ltr'>πράς</span> 
     </span>
     <span class='ocr_line' id='line_1_20' title="bbox 145 1825 942 1902; baseline 0.004 -18"><span class='ocrx_word' id='word_1_133' title='bbox 145 1827 271 1900; x_wconf 82' lang='grc' dir='ltr'>βασιλέα</span> <span class='ocrx_word' id='word_1_134' title='bbox 287 1826 331 1884; x_wconf 80' lang='grc' dir='ltr'>διά</span> <span class='ocrx_word' id='word_1_135' title='bbox 349 1825 400 1901; x_wconf 85' lang='grc' dir='ltr'>τήν</span> <span class='ocrx_word' id='word_1_136' title='bbox 418 1829 509 1902; x_wconf 83' lang='grc' dir='ltr'>μῆνιν,</span> <span class='ocrx_word' id='word_1_137' title='bbox 525 1830 552 1888; x_wconf 87' lang='grc' dir='ltr'>ἐς</span> <span class='ocrx_word' id='word_1_138' title='bbox 570 1825 697 1886; x_wconf 88' lang='grc' dir='ltr'>Νικόλαν</span> <span class='ocrx_word' id='word_1_139' title='bbox 710 1854 740 1886; x_wconf 91' lang='grc' dir='ltr'>τε</span> <span class='ocrx_word' id='word_1_140' title='bbox 753 1827 803 1886; x_wconf 82' lang='grc' dir='ltr'>τάν</span> <span class='ocrx_word' id='word_1_141' title='bbox 816 1826 942 1893; x_wconf 77' lang='grc' dir='ltr'>Βούλιος,</span> 
     </span>
     <span class='ocr_line' id='line_1_21' title="bbox 147 1913 943 1991; baseline -0.001 -19"><span class='ocrx_word' id='word_1_142' title='bbox 147 1915 191 1972; x_wconf 85' lang='grc' dir='ltr'>καὶ</span> <span class='ocrx_word' id='word_1_143' title='bbox 205 1920 232 1977; x_wconf 90' lang='grc' dir='ltr'>ἐς</span> <span class='ocrx_word' id='word_1_144' title='bbox 245 1913 412 1989; x_wconf 82' lang='grc' dir='ltr'>Ἀνήριστον</span> <span class='ocrx_word' id='word_1_145' title='bbox 429 1913 479 1974; x_wconf 82' lang='grc' dir='ltr'>τάν</span> <span class='ocrx_word' id='word_1_146' title='bbox 496 1915 643 1991; x_wconf 71' lang='grc' dir='ltr'>Σπερθίεω,</span> <span class='ocrx_word' id='word_1_147' title='bbox 659 1914 689 1978; x_wconf 80' lang='grc' dir='ltr'>ὃς</span> <span class='ocrx_word' id='word_1_148' title='bbox 702 1915 759 1974; x_wconf 79' lang='grc' dir='ltr'>εἷλε</span> <span class='ocrx_word' id='word_1_149' title='bbox 773 1914 867 1976; x_wconf 84' lang='grc' dir='ltr'>άλιέας</span> <span class='ocrx_word' id='word_1_150' title='bbox 880 1913 943 1976; x_wconf 82' lang='grc' dir='ltr'>τούς</span> 
     </span>
     <span class='ocr_line' id='line_1_22' title="bbox 147 2000 942 2079; baseline 0.003 -21"><span class='ocrx_word' id='word_1_151' title='bbox 147 2005 176 2058; x_wconf 92' lang='grc' dir='ltr'>ἐκ</span> <span class='ocrx_word' id='word_1_152' title='bbox 202 2002 341 2079; x_wconf 84' lang='grc' dir='ltr'>Τίρυνθος,</span> <span class='ocrx_word' id='word_1_153' title='bbox 367 2000 466 2061; x_wconf 79' lang='grc' dir='ltr'>ὁλκάδι</span> <span class='ocrx_word' id='word_1_154' title='bbox 488 2002 674 2064; x_wconf 77' lang='grc' dir='ltr'>καταπλώσας</span> <span class='ocrx_word' id='word_1_155' title='bbox 701 2002 803 2079; x_wconf 83' lang='grc' dir='ltr'>πλήρεϊ</span> <span class='ocrx_word' id='word_1_156' title='bbox 829 2001 942 2078; x_wconf 77' lang='grc' dir='ltr'>ἀνδρῶν·</span> 
     </span>
     <span class='ocr_line' id='line_1_23' title="bbox 146 2087 945 2170; baseline 0.006 -23"><span class='ocrx_word' id='word_1_157' title='bbox 146 2088 232 2164; x_wconf 75' lang='grc' dir='ltr'>δῆλον</span> <span class='ocrx_word' id='word_1_158' title='bbox 253 2088 290 2148; x_wconf 80' lang='grc' dir='ltr'>ὧν</span> <span class='ocrx_word' id='word_1_159' title='bbox 309 2115 359 2165; x_wconf 91' lang='grc' dir='ltr'>μοι</span> <span class='ocrx_word' id='word_1_160' title='bbox 379 2087 423 2148; x_wconf 83' lang='grc' dir='ltr'>ὅτι</span> <span class='ocrx_word' id='word_1_161' title='bbox 444 2090 518 2149; x_wconf 83' lang='grc' dir='ltr'>θεῖον</span> <span class='ocrx_word' id='word_1_162' title='bbox 536 2091 644 2170; x_wconf 89' lang='grc' dir='ltr'>ἐγένετο</span> <span class='ocrx_word' id='word_1_163' title='bbox 659 2089 692 2148; x_wconf 84' lang='grc' dir='ltr'>τά</span> <span class='ocrx_word' id='word_1_164' title='bbox 711 2095 828 2170; x_wconf 81' lang='grc' dir='ltr'>πρῆγμα</span> <span class='ocrx_word' id='word_1_165' title='bbox 845 2095 874 2148; x_wconf 89' lang='grc' dir='ltr'>ἐκ</span> <span class='ocrx_word' id='word_1_166' title='bbox 894 2091 945 2164; x_wconf 75' lang='grc' dir='ltr'>τῆς</span> 
     </span>
     <span class='ocr_line' id='line_1_24' title="bbox 145 2175 944 2257; baseline 0.001 -22"><span class='ocrx_word' id='word_1_167' title='bbox 145 2175 252 2252; x_wconf 88' lang='grc' dir='ltr'>μήνιος·</span> <span class='ocrx_word' id='word_1_168' title='bbox 287 2181 314 2235; x_wconf 84' lang='grc' dir='ltr'>οί</span> <span class='ocrx_word' id='word_1_169' title='bbox 339 2175 402 2257; x_wconf 84' lang='grc' dir='ltr'>γάρ,</span> <span class='ocrx_word' id='word_1_170' title='bbox 431 2179 605 2253; x_wconf 79' lang='grc' dir='ltr'>πεμφθέντες</span> <span class='ocrx_word' id='word_1_171' title='bbox 638 2176 692 2236; x_wconf 83' lang='grc' dir='ltr'>ύπὸ</span> <span class='ocrx_word' id='word_1_172' title='bbox 722 2176 944 2252; x_wconf 82' lang='grc' dir='ltr'>Λακεδαιμονίων</span> 
     </span>
     <span class='ocr_line' id='line_1_25' title="bbox 146 2262 944 2344; baseline -0.001 -22"><span class='ocrx_word' id='word_1_173' title='bbox 146 2262 263 2344; x_wconf 73' lang='grc' dir='ltr'>ἄγγελοι</span> <span class='ocrx_word' id='word_1_174' title='bbox 278 2269 305 2326; x_wconf 88' lang='grc' dir='ltr'>ἐς</span> <span class='ocrx_word' id='word_1_175' title='bbox 317 2265 369 2339; x_wconf 82' lang='grc' dir='ltr'>τήν</span> <span class='ocrx_word' id='word_1_176' title='bbox 380 2263 489 2340; x_wconf 85' lang='grc' dir='ltr'>Ἀσίην,</span> <span class='ocrx_word' id='word_1_177' title='bbox 500 2265 680 2341; x_wconf 84' lang='grc' dir='ltr'>προδοθέντες</span> <span class='ocrx_word' id='word_1_178' title='bbox 694 2265 723 2323; x_wconf 80' lang='grc' dir='ltr'>δὲ</span> <span class='ocrx_word' id='word_1_179' title='bbox 737 2263 790 2322; x_wconf 81' lang='grc' dir='ltr'>ύπά</span> <span class='ocrx_word' id='word_1_180' title='bbox 802 2263 944 2328; x_wconf 78' lang='grc' dir='ltr'>Σιτάλκεω</span> 
     </span>
     <span class='ocr_line' id='line_1_26' title="bbox 145 2350 946 2429; baseline -0.002 -19"><span class='ocrx_word' id='word_1_181' title='bbox 145 2355 196 2410; x_wconf 81' lang='grc' dir='ltr'>τοῦ</span> <span class='ocrx_word' id='word_1_182' title='bbox 209 2350 303 2428; x_wconf 85' lang='grc' dir='ltr'>Τήρεω</span> <span class='ocrx_word' id='word_1_183' title='bbox 317 2352 442 2428; x_wconf 83' lang='grc' dir='ltr'>Θρηίκων</span> <span class='ocrx_word' id='word_1_184' title='bbox 460 2354 607 2429; x_wconf 82' lang='grc' dir='ltr'>βασιλέος,</span> <span class='ocrx_word' id='word_1_185' title='bbox 623 2353 668 2410; x_wconf 86' lang='grc' dir='ltr'>καὶ</span> <span class='ocrx_word' id='word_1_186' title='bbox 686 2351 881 2429; x_wconf 80' lang='grc' dir='ltr'>Νυμφοδώρου</span> <span class='ocrx_word' id='word_1_187' title='bbox 895 2355 946 2409; x_wconf 72' lang='lat' dir='ltr'>&#39;ros</span> 
     </span>
     <span class='ocr_line' id='line_1_27' title="bbox 148 2438 944 2518; baseline 0.004 -22"><span class='ocrx_word' id='word_1_188' title='bbox 148 2438 248 2498; x_wconf 88' lang='grc' dir='ltr'>Πύθεω</span> <span class='ocrx_word' id='word_1_189' title='bbox 269 2438 366 2515; x_wconf 81' lang='grc' dir='ltr'>ἀνδράς</span> <span class='ocrx_word' id='word_1_190' title='bbox 383 2438 564 2518; x_wconf 81' lang='grc' dir='ltr'>Ἀβδηρίτεω,</span> <span class='ocrx_word' id='word_1_191' title='bbox 579 2440 694 2516; x_wconf 85' lang='grc' dir='ltr'>ἥλωσαν</span> <span class='ocrx_word' id='word_1_192' title='bbox 712 2440 782 2499; x_wconf 86' lang='grc' dir='ltr'>κατά</span> <span class='ocrx_word' id='word_1_193' title='bbox 799 2439 944 2514; x_wconf 85' lang='grc' dir='ltr'>Βισάνθην</span> 
     </span>
     <span class='ocr_line' id='line_1_28' title="bbox 145 2525 945 2607; baseline 0.001 -21"><span class='ocrx_word' id='word_1_194' title='bbox 145 2525 198 2601; x_wconf 82' lang='grc' dir='ltr'>τήν</span> <span class='ocrx_word' id='word_1_195' title='bbox 211 2531 240 2586; x_wconf 90' lang='grc' dir='ltr'>ἐν</span> <span class='ocrx_word' id='word_1_196' title='bbox 251 2525 462 2607; x_wconf 82' lang='grc' dir='ltr'>Ἑλλησπόντῳ,</span> <span class='ocrx_word' id='word_1_197' title='bbox 475 2530 521 2587; x_wconf 90' lang='grc' dir='ltr'>καὶ</span> <span class='ocrx_word' id='word_1_198' title='bbox 534 2528 705 2607; x_wconf 81' lang='grc' dir='ltr'>ἀπαχθέντες</span> <span class='ocrx_word' id='word_1_199' title='bbox 715 2533 743 2591; x_wconf 86' lang='grc' dir='ltr'>ἐς</span> <span class='ocrx_word' id='word_1_200' title='bbox 752 2528 804 2602; x_wconf 84' lang='grc' dir='ltr'>τήν</span> <span class='ocrx_word' id='word_1_201' title='bbox 816 2527 945 2603; x_wconf 85' lang='grc' dir='ltr'>Ἀττικήν</span> 
     </span>
     <span class='ocr_line' id='line_1_29' title="bbox 146 2612 943 2693; baseline 0.003 -22"><span class='ocrx_word' id='word_1_202' title='bbox 146 2612 202 2672; x_wconf 89' lang='grc' dir='ltr'>άπέ</span> <span class='ocrx_word' id='word_1_203' title='bbox 219 2641 285 2675; x_wconf 92' lang='grc' dir='ltr'>ανον</span> <span class='ocrx_word' id='word_1_204' title='bbox 302 2615 357 2674; x_wconf 74' lang='grc' dir='ltr'>ίπά</span> <span class='ocrx_word' id='word_1_205' title='bbox 374 2615 535 2692; x_wconf 76' lang='grc' dir='ltr'>Ἀθηναίων’</span> <span class='ocrx_word' id='word_1_206' title='bbox 556 2616 627 2692; x_wconf 71' lang='grc' dir='ltr'>μεταῖ</span> <span class='ocrx_word' id='word_1_207' title='bbox 648 2616 677 2674; x_wconf 85' lang='grc' dir='ltr'>δέ</span> <span class='ocrx_word' id='word_1_208' title='bbox 697 2615 786 2675; x_wconf 80' lang='grc' dir='ltr'>αύτῶν</span> <span class='ocrx_word' id='word_1_209' title='bbox 808 2617 853 2674; x_wconf 85' lang='grc' dir='ltr'>καὶ</span> <span class='ocrx_word' id='word_1_210' title='bbox 868 2615 943 2693; x_wconf 88' lang='grc' dir='ltr'>Ἀρι-</span> 
     </span>
     <span class='ocr_line' id='line_1_30' title="bbox 147 2703 945 2783; baseline 0.004 -22"><span class='ocrx_word' id='word_1_211' title='bbox 147 2705 230 2767; x_wconf 87' lang='grc' dir='ltr'>στέας</span> <span class='ocrx_word' id='word_1_212' title='bbox 241 2704 256 2764; x_wconf 84' lang='grc' dir='ltr'>ἀ</span> <span class='ocrx_word' id='word_1_213' title='bbox 269 2703 458 2781; x_wconf 89' lang='grc' dir='ltr'>Ἀδειμάντου,</span> <span class='ocrx_word' id='word_1_214' title='bbox 473 2706 621 2783; x_wconf 88' lang='grc' dir='ltr'>Κορίνθιος</span> <span class='ocrx_word' id='word_1_215' title='bbox 631 2703 710 2781; x_wconf 89' lang='grc' dir='ltr'>ἀνήρ·</span> <span class='ocrx_word' id='word_1_216' title='bbox 731 2709 819 2764; x_wconf 77' lang='grc' dir='ltr'>ταῦτα</span> <span class='ocrx_word' id='word_1_217' title='bbox 832 2705 884 2780; x_wconf 90' lang='grc' dir='ltr'>μέν</span> <span class='ocrx_word' id='word_1_218' title='bbox 897 2731 945 2764; x_wconf 89' lang='grc' dir='ltr'>νυν</span> 
     </span>
     <span class='ocr_line' id='line_1_31' title="bbox 146 2791 945 2874; baseline 0.004 -26"><span class='ocrx_word' id='word_1_219' title='bbox 146 2795 283 2851; x_wconf 85' lang='grc' dir='ltr'>πολλοῖσι</span> <span class='ocrx_word' id='word_1_220' title='bbox 294 2794 367 2852; x_wconf 81' lang='grc' dir='ltr'>ἔτεσι</span> <span class='ocrx_word' id='word_1_221' title='bbox 377 2791 495 2870; x_wconf 77' lang='grc' dir='ltr'>ὕστερον</span> <span class='ocrx_word' id='word_1_222' title='bbox 504 2794 612 2874; x_wconf 87' lang='grc' dir='ltr'>ἐγένετο</span> <span class='ocrx_word' id='word_1_223' title='bbox 620 2797 670 2853; x_wconf 82' lang='grc' dir='ltr'>τοῦ</span> <span class='ocrx_word' id='word_1_224' title='bbox 680 2793 819 2868; x_wconf 67' lang='grc' dir='ltr'>βασιλέος</span> <span class='ocrx_word' id='word_1_225' title='bbox 829 2793 945 2852; x_wconf 80' lang='grc' dir='ltr'>στόλου</span> 
     </span>
     <span class='ocr_line' id='line_1_32' title="bbox 147 2877 694 2962; baseline 0.009 -27"><span class='ocrx_word' id='word_1_226' title='bbox 147 2877 272 2955; x_wconf 80' lang='grc' dir='ltr'>ἐπάνειμι</span> <span class='ocrx_word' id='word_1_227' title='bbox 285 2881 315 2938; x_wconf 80' lang='grc' dir='ltr'>δὲ</span> <span class='ocrx_word' id='word_1_228' title='bbox 329 2881 374 2939; x_wconf 85' lang='grc' dir='ltr'>ἐπὶ</span> <span class='ocrx_word' id='word_1_229' title='bbox 387 2881 436 2940; x_wconf 80' lang='grc' dir='ltr'>τᾶν</span> <span class='ocrx_word' id='word_1_230' title='bbox 449 2881 584 2958; x_wconf 86' lang='grc' dir='ltr'>πρότερον</span> <span class='ocrx_word' id='word_1_231' title='bbox 598 2881 694 2962; x_wconf 87' lang='grc' dir='ltr'>λόγον.</span> 
     </span>
    </p>

    <p class='ocr_par' dir='ltr' id='par_1_2' title="bbox 143 2964 990 3452">
     <span class='ocr_line' id='line_1_33' title="bbox 187 2964 990 3046; baseline 0.007 -22"><span class='ocrx_word' id='word_1_232' title='bbox 187 2964 223 3024; x_wconf 86' lang='lat' dir='ltr'>‘H</span> <span class='ocrx_word' id='word_1_233' title='bbox 238 2966 267 3026; x_wconf 82' lang='grc' dir='ltr'>δὲ</span> <span class='ocrx_word' id='word_1_234' title='bbox 281 2970 477 3044; x_wconf 86' lang='grc' dir='ltr'>στρατηλασίη</span> <span class='ocrx_word' id='word_1_235' title='bbox 491 2968 509 3044; x_wconf 88' lang='grc' dir='ltr'>ή</span> <span class='ocrx_word' id='word_1_236' title='bbox 523 2971 663 3046; x_wconf 88' lang='grc' dir='ltr'>βασιλέος</span> <span class='ocrx_word' id='word_1_237' title='bbox 680 2967 784 3045; x_wconf 85' lang='grc' dir='ltr'>ούνομα</span> <span class='ocrx_word' id='word_1_238' title='bbox 801 2971 852 3046; x_wconf 87' lang='grc' dir='ltr'>μέν</span> <span class='ocrx_word' id='word_1_239' title='bbox 867 2968 924 3046; x_wconf 85' lang='grc' dir='ltr'>εἶχε</span> <span class='ocrx_word' id='word_1_240' title='bbox 934 2974 990 3032; x_wconf 86' lang='grc'>138</span> 
     </span>
     <span class='ocr_line' id='line_1_34' title="bbox 146 3053 946 3138; baseline 0.006 -27"><span class='ocrx_word' id='word_1_241' title='bbox 146 3053 182 3116; x_wconf 75' lang='grc' dir='ltr'>οἷς</span> <span class='ocrx_word' id='word_1_242' title='bbox 203 3054 245 3113; x_wconf 86' lang='grc' dir='ltr'>ἐπ’</span> <span class='ocrx_word' id='word_1_243' title='bbox 266 3054 386 3131; x_wconf 82' lang='grc' dir='ltr'>Ἀθήνας</span> <span class='ocrx_word' id='word_1_244' title='bbox 407 3057 524 3128; x_wconf 89' lang='grc' dir='ltr'>ἐλαύνει,</span> <span class='ocrx_word' id='word_1_245' title='bbox 547 3059 656 3138; x_wconf 80' lang='grc' dir='ltr'>κατίετο</span> <span class='ocrx_word' id='word_1_246' title='bbox 681 3057 710 3116; x_wconf 83' lang='grc' dir='ltr'>δὲ</span> <span class='ocrx_word' id='word_1_247' title='bbox 729 3063 756 3118; x_wconf 89' lang='grc' dir='ltr'>ἐς</span> <span class='ocrx_word' id='word_1_248' title='bbox 777 3061 873 3114; x_wconf 83' lang='grc' dir='ltr'>πᾶσαν</span> <span class='ocrx_word' id='word_1_249' title='bbox 894 3056 946 3132; x_wconf 81' lang='grc' dir='ltr'>τήν</span> 
     </span>
     <span class='ocr_line' id='line_1_35' title="bbox 145 3141 945 3221; baseline 0.004 -22"><span class='ocrx_word' id='word_1_250' title='bbox 145 3141 280 3201; x_wconf 83' lang='grc' dir='ltr'>Ἑλλάδα·</span> <span class='ocrx_word' id='word_1_251' title='bbox 312 3143 513 3220; x_wconf 88' lang='grc' dir='ltr'>πυνθανόμενοι</span> <span class='ocrx_word' id='word_1_252' title='bbox 538 3145 567 3204; x_wconf 86' lang='grc' dir='ltr'>δὲ</span> <span class='ocrx_word' id='word_1_253' title='bbox 591 3150 678 3204; x_wconf 84' lang='grc' dir='ltr'>ταῦτα</span> <span class='ocrx_word' id='word_1_254' title='bbox 704 3143 759 3221; x_wconf 75' lang='grc' dir='ltr'>πρὸ</span> <span class='ocrx_word' id='word_1_255' title='bbox 782 3146 894 3202; x_wconf 81' lang='grc' dir='ltr'>πολλοῦ</span> <span class='ocrx_word' id='word_1_256' title='bbox 918 3146 945 3202; x_wconf 87' lang='grc' dir='ltr'>οἱ</span> 
     </span>
     <span class='ocr_line' id='line_1_36' title="bbox 143 3224 947 3311; baseline 0.006 -25"><span class='ocrx_word' id='word_1_257' title='bbox 143 3224 288 3304; x_wconf 83' lang='grc' dir='ltr'>Ἕλληνες,</span> <span class='ocrx_word' id='word_1_258' title='bbox 310 3229 359 3288; x_wconf 87' lang='grc' dir='ltr'>ούκ</span> <span class='ocrx_word' id='word_1_259' title='bbox 381 3236 410 3290; x_wconf 89' lang='grc' dir='ltr'>ἐν</span> <span class='ocrx_word' id='word_1_260' title='bbox 430 3231 516 3311; x_wconf 79' lang='grc' dir='ltr'>ὁμοίῳ</span> <span class='ocrx_word' id='word_1_261' title='bbox 537 3232 637 3295; x_wconf 88' lang='grc' dir='ltr'>πάντες</span> <span class='ocrx_word' id='word_1_262' title='bbox 665 3235 813 3292; x_wconf 80' lang='grc' dir='ltr'>ἐποιεῦντο·</span> <span class='ocrx_word' id='word_1_263' title='bbox 846 3233 873 3290; x_wconf 82' lang='grc' dir='ltr'>οἱ</span> <span class='ocrx_word' id='word_1_264' title='bbox 895 3233 947 3308; x_wconf 87' lang='grc' dir='ltr'>μέν</span> 
     </span>
     <span class='ocr_line' id='line_1_37' title="bbox 148 3317 947 3400; baseline 0.006 -26"><span class='ocrx_word' id='word_1_265' title='bbox 148 3317 202 3395; x_wconf 78' lang='grc' dir='ltr'>γάρ</span> <span class='ocrx_word' id='word_1_266' title='bbox 222 3317 312 3378; x_wconf 80' lang='grc' dir='ltr'>αύτῶν</span> <span class='ocrx_word' id='word_1_267' title='bbox 331 3318 423 3382; x_wconf 79' lang='grc' dir='ltr'>δόντες</span> <span class='ocrx_word' id='word_1_268' title='bbox 439 3323 493 3400; x_wconf 79' lang='grc' dir='ltr'>γῆν</span> <span class='ocrx_word' id='word_1_269' title='bbox 509 3346 540 3378; x_wconf 92' lang='grc' dir='ltr'>τε</span> <span class='ocrx_word' id='word_1_270' title='bbox 558 3321 604 3378; x_wconf 85' lang='grc' dir='ltr'>καὶ</span> <span class='ocrx_word' id='word_1_271' title='bbox 621 3318 692 3396; x_wconf 80' lang='grc' dir='ltr'>ὕδωρ</span> <span class='ocrx_word' id='word_1_272' title='bbox 705 3321 743 3396; x_wconf 76' lang='grc' dir='ltr'>τῷ</span> <span class='ocrx_word' id='word_1_273' title='bbox 756 3319 856 3396; x_wconf 83' lang='grc' dir='ltr'>Πέρση</span> <span class='ocrx_word' id='word_1_274' title='bbox 871 3318 947 3398; x_wconf 84' lang='grc' dir='ltr'>εἶχον</span> 
     </span>
     <span class='ocr_line' id='line_1_38' title="bbox 160 3406 256 3452; baseline -0.01 0"><span class='ocrx_word' id='word_1_275' title='bbox 160 3406 256 3452; x_wconf 80' lang='grc' dir='ltr'>ΙῘ.-14</span> 
     </span>
    </p>
   </div>
   <div class='ocr_carea' id='block_1_2' title="bbox 0 0 1143 3538">
    <p class='ocr_par' dir='ltr' id='par_1_3' title="bbox 0 0 1143 3538">
     <span class='ocr_line' id='line_1_39' title="bbox 0 0 1143 3538; baseline 0 0"><span class='ocrx_word' id='word_1_276' title='bbox 0 0 1143 3538; x_wconf 95' lang='lat' dir='ltr'> </span> 
     </span>
    </p>
   </div>
  </div>
 </body>
</html>
