2268 3536
134 137 209 203 1-6]
487 137 599 184 ΕΡιυυ.
904 138 934 184 ⁵9

133 215 328 290 ἐβουλεύσατο
340 217 469 279 Φοίνικας
481 218 533 292 μὲν
548 216 741 292 ἐξαναστήσας
754 222 784 278 ἐν
796 243 832 296 τη
844 215 935 296 Ἰωνίῃ

135 303 300 374 κατοικίσαι,
309 302 406 368 Ἴωνας
420 305 449 363 δὲ
466 310 495 364 ἐν
507 309 544 383 τῇ
557 305 680 384 Φοινίκῃ·
702 307 747 364 καὶ
763 305 867 366 τούτων
881 306 932 364 εἴν·
952 379 953 382 ¹

135 417 184 450 εκα
206 392 382 451 ἐπιστείλειε·
410 391 490 452 οὐδέν
511 419 538 452 τι
560 391 668 456 πάντως
687 398 774 453 ταῦτα
795 394 934 470 βασιλέος

134 476 375 564 βόυλευσαμένου.
418 480 561 557 ἐδειμάτου
580 480 645 544 τοῦς
660 480 766 544 Ἴωνας.

177 567 259 628 Μετὰ
279 570 316 640 δὲ,
332 569 347 629 ό
360 569 494 633 Ἱστιαῖος
507 569 541 628 δι’
554 568 859 650 άγγέλουίποιεῦμενος
873 568 936 646 Ἑρ·
951 571 969 628 4

134 657 253 732 μίππου,
268 657 367 735 οἷνδρὸς
380 657 566 735 Ἀταρνείτεω,
580 661 657 717 τοῖσι
678 663 707 718 ἐν
721 657 841 735 Σάρδισι
857 661 936 716 ἐοῦσι

135 746 269 822 Περσέων
291 746 396 822 ἔπεμπε
416 747 538 823 βυβλία,
562 745 598 809 ω“ς
618 745 937 824 προλελεσχηνευμένων

135 831 208 913 αὐτῷ
226 833 402 898 άποστάσιος
420 835 491 912 πέρι.
534 833 558 894 δ’
569 834 599 893 δὲ
609 833 770 912 Ἕρμιππος
786 833 856 910 πρός
871 833 937 896 τούς

134 924 187 998 μὲν
207 921 381 1000 ἀπεπέμφθη
403 922 435 982 οὔ
457 923 535 994 διδοῖ,
560 923 652 1000 φέρων
674 923 704 981 δὲ
727 923 877 1001 ἐνεχείρισε
900 922 936 981 τά

134 1011 248 1086 βυβλία
265 1011 458 1088 Ἀρταφέρνεῐ·
480 1011 496 1070 ό
518 1011 547 1069 δὲ
568 1010 665 1087 μαθών
686 1009 760 1070 ἅπαν
780 1009 813 1070 τό
834 1009 943 1090 γινόμε-

135 1121 192 1166 νον,
207 1099 315 1156 ἐκέλευε
333 1098 383 1157 τόν
397 1097 561 1175 Ἕρμιππον
578 1098 613 1158 τά
631 1101 683 1175 μὲν
696 1098 773 1175 παρά
784 1103 836 1158 τοῦ
849 1097 934 1157 Ἱστι-

136 1184 199 1241 αίου
221 1183 315 1242 δοῦναι
335 1186 458 1262 φέροντα
478 1186 557 1244 τοῖσί
573 1212 625 1262 περ
644 1186 734 1262 ἔφερε,
751 1185 787 1244 τά
807 1187 836 1244 δὲ
856 1185 934 1262 άμοι-

135 1270 208 1344 βαΐα
221 1270 257 1330 τά
269 1271 346 1348 παρά
358 1275 413 1330 τῶν
427 1273 561 1350 Περσέων
574 1272 800 1349 ἀντιπεμπόμενα
813 1273 936 1352 Ἱστιαίῳ

137 1361 226 1438 ἑωυτῷ
244 1359 347 1419 δοῦναι.
387 1359 491 1419 τούτων
505 1360 534 1418 δὲ
549 1361 703 1440 γενομένων
720 1363 855 1437 φανερῶν,
869 1359 935 1418 α’πέ-

136 1472 224 1506 κτεινε
248 1448 365 1507 ἐνθαῦτα
389 1447 515 1510 πολλοὺς
536 1448 670 1525 Περσέων
694 1447 710 1508 ὁ
733 1447 933 1526 Ἀρταφέρνης.

135 1535 199 1611 περὶ
219 1535 320 1611 Σάρδις
339 1537 391 1612 μὲν
411 1535 445 1611 δή
466 1537 571 1616 ἐγίνετο
591 1534 710 1614 ταραχή.

175 1622 308 1682 Ἱστιαῖον
317 1623 351 1682 ’δὲ
360 1623 463 1700 ταύτης
473 1623 679 1700 ἀποσφαλέντα
688 1629 738 1699 τῆς
749 1625 861 1688 ἐλπίδος
869 1629 936 1684 Χῖοι
950 1630 968 1685 5

137 1715 258 1791 κατῆγον
272 1717 298 1774 ἐς
311 1713 451 1788 Μίλητον,
465 1711 550 1770 αὐτοῦ
562 1711 696 1772 Ἱστιαίου
713 1713 865 1789 δεηθέντος.
908 1718 934 1773 οἱ

136 1797 166 1857 δὲ
178 1800 319 1875 Μιλήσιοι
332 1799 450 1878 ἅσμενοι
465 1801 694 1880 ἀπαλλαχθέντες
708 1803 754 1861 καὶ
767 1801 934 1883 Ἀρισταγό-

135 1913 196 1962 ρεω,
211 1887 335 1964 οὐδαμῶς
355 1889 493 1967 πρόθυμοι
513 1889 588 1965 ἦσαν
608 1888 699 1950 ἄλλον
714 1889 848 1968 τύραννον
862 1891 934 1948 δέκε-

136 1976 205 2034 σθαι
226 1981 253 2039 ἐς
273 1977 325 2052 τήν
342 1977 442 2056 χώρην,
461 1977 506 2037 οἷά
525 2005 556 2038 τε
578 1979 734 2055 ἐλευθερίης
753 1977 933 2058 γευσάμενοι.

136 2063 182 2122 καὶ
204 2064 246 2140 δή,
268 2067 365 2129 νυκτός
385 2067 439 2147 γάρ
462 2067 561 2142 ἐούσης
579 2068 631 2146 βίῃ
650 2071 779 2142 ἐπειρᾶτο
799 2066 898 2125 κατιῶν
919 2067 934 2125 ὁ

134 2151 267 2216 Ἱστιαῖος
291 2159 318 2217 ἐς
337 2153 389 2229 τήν
409 2155 548 2229 Μίλητον,
568 2153 750 2229 τιτρώσκεται
773 2153 823 2212 τόν
845 2153 935 2229 μηρόν

134 2238 190 2300 ὖπό
205 2267 252 2300 τευ
271 2246 326 2301 τῶν
339 2244 499 2318 Μιλησίων.
541 2241 557 2300 ὁ
576 2244 627 2316 μὲν
640 2241 673 2316 δή
689 2239 723 2302 ὥς
737 2239 868 2301 άπωστὸς
885 2245 935 2315 τῆς

135 2330 236 2386 ἐωυτοΰ
245 2330 357 2409 γίνεται,
372 2329 528 2388 άπικνέεται
542 2327 633 2387 ὀπίσω
648 2333 675 2390 ἐς
687 2328 738 2403 τήν
749 2329 829 2387 Χίον·
844 2329 932 2388 ἐνθεῦ-

134 2439 181 2474 τεν
199 2415 236 2485 δὲ,
251 2417 282 2474 οὐ
302 2418 356 2496 γάρ
377 2417 467 2476 ἔπειθε
488 2416 552 2479 τούς
569 2417 655 2478 Χίους
676 2415 748 2475 ὥστε
768 2419 856 2494 ἑωυτῷ
874 2417 934 2475 δοῦ-

134 2527 180 2562 ναι
200 2505 269 2572 νέας,
284 2505 365 2580 διέβη
389 2509 415 2567 ἐς
436 2504 600 2580 Μυτιλήνην
621 2505 666 2563 καὶ
685 2506 778 2563 ἔπεισε
792 2505 935 2580 Λεσβίους

135 2590 232 2650 δοῦναί
250 2595 276 2650 οἱ
297 2593 366 2661 νέαςι
411 2593 479 2651 οἶδὲ
495 2593 695 2670 πληρώσαντες
715 2592 787 2652 ὀκτώ
807 2591 935 2669 τριήρεας

135 2680 235 2738 ἔπλεον
255 2677 314 2756 ἅμα
326 2679 448 2759 Ἱστιαίῳ
469 2687 496 2744 ἐς
517 2682 677 2752 Βυζάντιον·
700 2681 819 2740 ἐνθαῦτα
835 2680 864 2738 δὲ
880 2681 932 2752 ίζό·

134 2791 221 2844 μενοι,
243 2766 293 2830 τάς
318 2773 347 2826 ἐκ
370 2773 419 2827 τοῦ
444 2768 555 2828 Πόντου
581 2770 762 2832 ε’κπλωούσας
787 2773 842 2828 τῶν
869 2773 936 2829 νεῶν

135 2853 307 2931 ἐλάμβανον,
331 2857 407 2932 πλήν
431 2856 449 2932 ή
474 2856 538 2916 ὅσοι
565 2857 655 2916 αὐτῶν
678 2857 801 2936 Ἱστιαίῳ
825 2858 936 2932 ἔφασαν

134 2945 242 3019 ἐτοῖμοι
264 2943 333 3004 εἶναι
353 2946 510 3004 πείθεσθαι.

173 3027 306 3094 Ἱστιαῖος
319 3034 370 3109 μέν
384 3059 431 3091 νυν
446 3033 492 3090 καὶ
507 3035 699 3107 Μυτιληναῖοι
719 3031 827 3090 ἐποίευν
840 3034 937 3088 ταῦτα·
954 3033 971 3090 6

134 3118 181 3176 ἐπὶ
194 3117 224 3176 δὲ
236 3119 369 3194 Μίλητον
382 3119 468 3196 αὐτήν
482 3119 608 3182 ναυτικὸς
622 3117 732 3180 πολλάς
745 3119 791 3176 καὶ
805 3116 888 3188 πεζός
900 3143 935 3193 ην

134 3205 255 3282 στρατός
270 3207 469 3284 προσδόκιμος.
511 3205 721 3284 συστραφέντες
737 3205 791 3284 γὰρ
806 3207 832 3262 οἱ
846 3229 932 3280 στρα-

133 3293 215 3372 τηγοὶ
236 3297 292 3353 τῶν
308 3297 450 3371 Περσέων,
471 3296 517 3355 καὶ
540 3296 569 3356 ἐν
590 3293 758 3368 ποιήσαντες
780 3292 934 3368 στρατόπε-
