2262 3534
164 143 213 192 ιιι
470 137 653 186 Ἥτοιουοι
869 133 962 199 [vm.

168 217 326 293 θαλάσσης·
341 218 429 277 αἴτιον
440 216 563 276 δὲταῦτα
577 217 713 296 λέγοντες,
727 214 757 274 εὖ
769 216 863 297 λέγειν
873 217 966 296 ἔμοιγε

167 306 305 365 δοκέουσι.
336 305 402 368 τούς
412 306 441 364 δέ
451 306 676 384 περιγενομένους
690 302 782 384 άπῆγε
791 302 967 380 Ἀρτάβαζος

167 399 195 457 ἐς
207 395 372 469 Θεσσαλίην
388 395 465 470 παρά
483 393 652 470 Μαρδόνιον.
694 390 771 451 οὗτοι
787 395 838 468 μέν
856 396 882 452 οἱ
900 420 965 470 προ-

167 484 327 560 πέμψαντες
339 483 466 558 βασιλέα
481 480 551 541 οὕτω
566 482 695 557 ἔπρηξαν.

122 573 179 632 130
228 571 262 630 Ὁ
276 571 306 629 δέ
319 570 444 633 ναυτικὸς
456 570 588 646 ὁΞέρξεω
602 568 819 651 περιγενόμενος,
832 569 868 632 ῶς
880 595 968 646 προσ·

168 660 244 737 ε’μιξε
261 663 297 738 τῇ
314 659 398 737 Ἀσίη
417 658 527 739 φεάγων
546 663 576 716 ἐκ
593 659 759 735 Σαλαμῖνος,
779 659 824 716 καὶ
841 659 968 734 βασιλέα

167 773 198 806 τε
212 749 257 806 καὶ
270 747 321 822 τήν
335 773 470 906 στρατιζην
485 752 514 805 ἐκ
529 746 713 824 Χερσονήσου
727 746 955 822 διεπόρθμευσε’
943 773 969 807 ες

162 834 256 912 Ἀβυδ
257 836 446 914 ον,ἐχειμέριζ
446 834 636 914 εένΚάμηᾹ
622 861 701 912 εαρος
711 833 969 944 δὲέπιλάμηήαντος,

162 923 270 999 πρῶῖος
291 924 491 1032 συνελέγετο’
479 949 506 986 ες
527 922 632 1000 Σάμον·
658 923 737 981 αἰδὲ
725 927 811 981 ετῶν
831 925 902 998 νηῶν
922 923 970 981 καὶ

169 1013 345 1090 ἐχειμέρισαν
377 1011 470 1071 αυτοῦ·
513 1013 647 1088 Περσέων
674 1012 703 1070 δέ
735 1013 780 1069 κιὶ
812 1010 969 1085 Μήδων“
944 1037 970 1070 οι

169 1105 285 1163 πλεῦνες
313 1099 492 1176 ἐπεβάτευον·
517 1101 671 1180 στρατηγοὶ
699 1100 730 1158 δέ
756 1105 811 1175 σφι
838 1100 969 1174 ἐπῆλθον,

170 1188 336 1266 Μαρδόντης
355 1215 385 1248 τε
406 1188 422 1247 ὁ
443 1189 568 1270 Βαγαίου
589 1189 634 1246 καὶ
647 1187 817 1265 Ἀρταΰντης
837 1185 853 1246 ὅ
872 1187 982 1264 ’Apta--

170 1278 261 1357 χαίου·
287 1282 410 1356 συνῆρχε
431 1277 460 1335 δέ
480 1277 606 1336 τούτοισι
627 1277 672 1334 καὶ
693 1275 864 1350 ἀδελφιδέος,
887 1275 970 1335 αὐτοῦ

170 1364 340 1443 Ἀρταΰντεω
379 1366 599 1443 προσελομένου,
640 1363 806 1440 Ἰθαμίτρης.
861 1364 909 1423 ἅτε
942 1366 971 1424 δὲ

173 1455 302 1535 μεγάλως
319 1455 480 1536 πληγέντες,
496 1453 528 1512 οὗ
548 1452 689 1530 προήῖσαν
710 1451 833 1530 άνωτέρω
853 1453 886 1512 τά
902 1453 972 1530 πρδς

171 1543 298 1618 ἑσπέρης,
319 1541 375 1624 οὐδ’
395 1542 566 1622 ἐπηνάγκαζε
583 1541 680 1604 οὐδείς·
701 1540 767 1599 ἀλλ’
786 1546 814 1600 ἐν
834 1546 869 1620 τῇ
887 1541 972 1620 Σάμῳ

173 1630 330 1706 κατήμενοι,
345 1630 514 1705 ἐφύλασσον
526 1630 578 1705 τήν
593 1629 699 1706 Ἰωνίην
711 1629 751 1706 μή
766 1629 887 1706 α’ποστῇ,
906 1634 973 1705 νῆας

172 1719 281 1798 ἔχοντες
304 1717 358 1777 σῶν
381 1721 449 1796 τῇσι
471 1717 545 1777 Ἰάσι
565 1719 736 1796 τριηκοσίας.
778 1717 810 1777 οὐ
830 1717 888 1793 μήν
912 1717 973 1777 οὐδὲ

172 1807 376 1884 προσεδέκοντο
405 1805 471 1869 τούς
498 1807 643 1882 Ἕλληνας
673 1807 841 1867 ἐλεύσεσθαι
870 1815 897 1869 ἐς
922 1807 973 1883 τήν

171 1894 285 1972 Ἰωνίην,
294 1893 359 1955 ἀλλ’
370 1895 545 1975 ἀποχρήσειν
556 1901 611 1972 σφι
625 1896 677 1971 τήν
689 1901 793 1956 ἑωυτῶν
804 1896 972 1972 φυλάσσειν

173 1983 379 2062 σταθμεύμενοι
405 1983 448 2044 ὅτι
469 1986 562 2061 σφέας
582 1983 632 2044 οὐκ
653 1985 800 2053 ἐπεδίωξαν
821 1983 975 2064 φεύγοντας

173 2079 204 2132 ἐκ
229 2075 395 2150 Σαλαμῖνος,
418 2073 484 2132 ἀλλ’
505 2072 623 2151 ἅσμενοι
641 2071 875 2132 ἀπαλλάσσοντο·
904 2073 974 2131 κατά

172 2164 224 2239 μέν
247 2187 295 2222 νυν
314 2162 367 2238 τήν
388 2162 540 2222 θάλασσαν
561 2162 716 2237 ἑσσωμένοι
736 2159 812 2236 ἦσαν
831 2165 869 2240 τῷ
890 2161 974 2240 θυμῷ,

173 2252 244 2330 πεζῇ
265 2251 294 2309 δὲ
314 2251 423 2310 ἐδόκεον
443 2250 554 2310 πολλῶν
573 2249 722 2326 κρατήσειν
740 2249 790 2309 τῶν
806 2249 974 2326 Μαρδόνιον·

175 2338 265 2402 ἐόντες
278 2339 307 2397 δὲ
321 2343 350 2398 ἐν
364 2337 456 2416 Σάμῳ,
471 2337 530 2414 αἷμα
543 2341 594 2414 μὲν
608 2338 792 2413 ἐβουλεύοντο
808 2339 833 2396 εἴ
845 2337 974 2420 τιιδυναί-

176 2452 227 2485 ατο
262 2425 347 2484 κακῶν
380 2425 446 2488 τους
470 2427 622 2502 πολεμίους
651 2427 761 2495 ποιέειν,
790 2425 848 2502 ἅμα
875 2426 904 2484 δὲ
931 2426 976 2483 καὶ

175 2512 366 2572 ὠτακούστεον
380 2512 431 2588 ὅκη
445 2513 576 2572 πεσέεται
589 2514 624 2572 τοὶ
639 2514 800 2590 Μαρδονίου
814 2514 973 2594 πρήγματα.

123 2603 183 2664 ,131
234 2600 306 2663 Tafis·
319 2600 500 2676 δέἜλληνας
513 2601 545 2660 τά
558 2628 589 2660 τε
603 2603 650 2678 ἐαρ
664 2602 810 2681 γινόμενον
822 2601 915 2682 ἤγειρε
930 2603 976 2660 καὶ

175 2687 334 2766 Μαρδόνιος
352 2694 380 2748 ἐν
396 2690 545 2768 Θεσσαλίῃ
560 2690 619 2749 ἐάν.
665 2690 680 2749 ὁ
696 2693 747 2767 μὲν
764 2691 797 2766 δή
811 2690 893 2760 πεζάς
906 2688 977 2748 οὔκω

174 2777 351 2858 συνελέγετο·
373 2776 389 2836 ὁ
408 2777 437 2836 δὲ
456 2777 582 2841 ναυτικάς
598 2777 712 2837 άπίκετο
730 2783 756 2841 ἐς
776 2779 899 2888 Αἴγιναν,
915 2781 977 2853 νῆες

175 2863 294 2943 άριθμδν
307 2865 430 2925 δέκα
386 2891 432 2924 και
447 2865 553 2925 ἑκατόν
568 2866 726 2946 στρατηγὸς
740 2866 827 2924 δὲ
784 2893 829 2924 και
840 2865 977 2944 ναύαρχος

174 2952 210 3029 ἦν
236 2953 449 3032 Λευτυχίδης
433 2981 448 3014 ο
476 2954 627 3030 Μενάρεος,
654 2957 704 3012 τοῦ
731 2953 902 3034 Ηγησίλεω,
927 2959 977 3012 τοῦ

173 3041 397 3118 Ιπποκρατίδεω,
415 3067 465 3100 του
452 3041 665 3119 Λευτυχίδεω,
681 3045 731 3100 τοῦ
746 3039 906 3111 Ἀναξίλεω,
928 3067 977 3100 του

174 3127 354 3206 Ἀρχιδήμου,
368 3155 417 3187 του
405 3128 654 3203 ”Ἀναξανδρίδεω,
668 3154 717 3186 του
705 3129 912 3204 Θεοπόμπου,
927 3134 977 3187 τοῦ

175 3216 340 3292 Νικάνδρου,
354 3220 404 3276 τοῦ
424 3216 580 3292 Χαρίλλου,
596 3219 646 3274 τοῦ
662 3215 799 3292 Εὐνόμου,
813 3220 864 3275 τοῦ
881 3221 975 3274 Πολυ-

175 3302 291 3372 δέκτεος,
305 3308 355 3363 τοῦ
374 3303 536 3382 Πρυτάνιος.
556 3307 606 3362 τοῦ
625 3301 819 3380 Εὐρυφῶντος,
837 3307 887 3364 τοῦ
902 3309 976 3381 Προ·
