2276 3538
176 151 314 216 ιιι-του]
476 115 682 203 μουμου.
931 159 975 206 181

475 229 484 249 ί
514 231 522 252 Ι
581 228 593 250 2
641 229 657 250 Ὦ
736 236 748 251 Α
815 232 823 252 ἱ

174 230 313 308 ούδαμούς
330 231 447 308 μέζονας
466 256 558 307 υμεων
610 258 641 289 ω.
697 259 785 292 ταυτα
805 231 977 297 ακούσαντας

173 318 317 401 Ἀργείους
339 321 452 399 λέγεται
473 321 591 400 πρῆγμα
612 319 798 396 ποιήσασθαι,
820 321 866 378 καὶ
889 347 976 398 παρα-

172 411 270 486 χμῆμα
286 410 339 484 μὲν
357 406 435 467 οὐδὲν
453 407 714 488 ἐπαγγελλομένους
734 408 895 484 μεταιτέειν·
917 409 977 469 ἐπεὶ

170 495 205 558 δέ
222 503 314 568 σφεας
336 494 572 572 παραλαμβάνειν
591 496 656 559 τούς
671 495 823 573 Ἕλληνας,
843 496 913 558 οὕτω
933 497 976 575 δὴ,

171 585 373 662 ἐπισταμένους
390 582 435 643 ὅτι
453 582 485 642 ού
503 581 699 661 μεταδώσουσι
717 588 767 660 τῆς
783 584 873 664 ἀρχῆς
888 593 975 645 Λακε-

171 673 317 750 δαιμόνιοι,
340 673 500 750 μεταιτέειν,
529 672 573 732 ἵνα
597 673 643 730 ἐπὶ
670 671 832 748 προφάσιος
853 673 976 752 ἡσυχίην

171 759 271 843 ἄγωσι.
308 764 467 837 Συμτεσεῖν
477 761 506 819 δὲ
515 759 642 820 τούτοισι
655 761 701 820 καὶ
713 759 793 820 τόνδε
806 761 855 822 τὸν
868 761 956 842 λόγον
965 763 1019 822 151

170 849 292 931 λέγουσί
316 875 387 912 τινες
413 847 566 923 Ἑλλήνων,
589 852 728 908 πολλοῖσι
755 849 830 908 ἔτεσι
856 848 973 924 ὕστερον

169 937 320 1019 γενόμενον
331 935 445 997 τούτων·
465 940 559 1015 τυχεῖν
574 942 602 996 ἐν
617 937 754 1000 Σούσοισι
769 941 845 996 τοῖσι
863 944 973 1012 Μεμνο-

170 1026 256 1086 νίοισι
283 1025 377 1089 ἐόντας
404 1026 497 1102 ἐτέρου
523 1025 687 1106 πρήγματος
717 1027 806 1085 εἵνεκα
837 1025 973 1107 ἀγγέλους

170 1113 331 1190 Ἀθηναίων,
343 1115 475 1190 Καλλίην
488 1141 519 1174 τε
532 1113 581 1174 τὸν
593 1113 755 1174 Ἱππονίκου
768 1115 814 1172 καὶ
826 1114 890 1176 τούς
901 1113 973 1190 μετᾶ

169 1203 270 1263 τούτου
290 1202 458 1280 ἀναβάντας·
479 1203 623 1284 Ἀργείους
643 1202 682 1272 δὲ,
700 1202 749 1262 τᾶν
769 1201 853 1262 αύτὸν
873 1205 972 1263 τοῦτον

169 1291 272 1370 χρόνον
290 1292 453 1370 πέμψαντας
469 1292 515 1350 καὶ
532 1291 646 1355 τούτους
665 1295 693 1354 ἐς
711 1292 808 1354 Σοῦσα
825 1289 971 1371 α’γγέλους,

170 1385 285 1458 εἰρωτᾶν
297 1379 480 1458 Ἀρτοξέρξεα
495 1380 545 1440 τόν
561 1380 669 1456 Ξέρξεω
687 1380 712 1438 εί
728 1385 784 1455 σφι
802 1381 842 1438 ἔτι
861 1380 971 1456 ἐμμένει

168 1469 221 1545 τήν
232 1470 300 1546 πρὸς
314 1471 419 1546 Ξέρξεα
429 1470 530 1545 φιλίην
540 1467 772 1545 συνεκεράσαντο,
783 1467 801 1544 ἢ
812 1469 970 1544 νομιζοίατο

167 1558 238 1636 πρὸς
250 1556 336 1618 αύτοῦ
350 1558 420 1617 εἶναι
433 1561 583 1634 πολέμιοι;
603 1558 731 1632 βασιλέα
744 1556 773 1614 δὲ
787 1555 970 1633 Ἀρτοξέρξεα

167 1646 294 1723 μάλιστα
309 1647 435 1724 ἐμμένειν
446 1644 542 1722 φάναι,
553 1646 599 1704 καὶ
613 1644 742 1722 οὐδεμίαν
752 1646 872 1720 νομίζειν
884 1644 969 1705 πόλιν

163 1733 281 1817 Ἀργεος
302 1736 480 1812 φιλιωτέρην.
521 1739 558 1793 Εἰ
577 1736 628 1811 μέν
646 1761 693 1794 νιν
714 1734 818 1810 Ξέρξης
835 1759 866 1793 τε
883 1732 949 1792 ἅπέ-
959 1735 1017 1796 152

167 1833 260 1901 πεμψε
270 1827 358 1884 τοῦτο
368 1824 488 1904 λέγοντα
501 1824 607 1899 κήρυκα
618 1828 644 1886 ἐς
653 1820 765 1902 Ἄργος,
778 1823 823 1880 καὶ
836 1820 969 1902 Ἀργείων

166 1909 283 1992 ἄγγελοι
295 1910 451 1987 α’ναβοῖντες
465 1916 491 1973 ἐς
508 1914 606 1974 Σοῦσα
620 1910 772 1988 ἐπειρώτων
784 1909 968 1987 Ἀρτοξέρξεα

165 2002 229 2076 περὶ
252 2002 358 2077 φιλίης,
384 2000 432 2058 ούκ
461 2001 514 2077 ἔχω
537 1999 670 2076 ἀτρεκέως
694 2003 788 2058 εἰπεῖν·
817 1996 882 2058 ούδέ
905 2024 967 2058 τινα

164 2088 276 2169 γνιύμην
289 2089 352 2165 περὶ
368 2087 457 2146 αύτῶν
471 2087 665 2164 α’ποφοίνομαι
680 2088 772 2163 ἄλλην
785 2114 818 2168 γε
831 2085 850 2162 ἢ
863 2086 967 2164 τήνπερ

164 2176 243 2236 αὐτοὶ
269 2175 392 2257 Ἀργεῖοι
418 2177 546 2257 λέγουσι.
593 2175 758 2257 [ἐπίσταμαι
782 2177 811 2234 δὲ
837 2178 965 2244 τοσοῦτο,

164 2263 216 2334 ὅτι,
240 2270 263 2325 εἰ
286 2265 386 2328 πάντες
406 2264 547 2342 ἅνθρωποι
567 2265 603 2324 τὰ
627 2265 717 2340 οἰκήϊα
738 2263 809 2322 κακοὶ
830 2268 857 2326 ἐς
877 2265 967 2339 μέσον

164 2354 348 2413 συνενείκαιεν
370 2353 550 2422 ἀλλάξασθαι
571 2352 742 2429 βουλόμενοι
764 2357 841 2412 τοῖσι
862 2353 964 2426 πλησί-

164 2466 232 2510 οισι,
246 2441 414 2522 ἐγκύψαντες
426 2439 460 2500 ἂν
474 2447 501 2503 ἐς
516 2441 552 2500 τὰ
565 2445 619 2500 τῶν
632 2441 720 2504 πέλας
734 2440 805 2499 κακὰ
818 2439 966 2504 ἀσπασίως

163 2529 279 2588 ἔκαστοι
296 2527 386 2589 αὐτῶν
399 2529 589 2607 ἀποφεροίατο
606 2528 698 2589 ὀπίσω
714 2529 750 2588 τὰ
769 2527 965 2610 ἐσενείκαντο·]

162 2617 233 2678 οὕτω
250 2617 284 2694 δὴ
298 2617 347 2677 ούκ
360 2617 514 2699 Ἀργείοισι
532 2620 670 2696 αἴσχιστα
684 2617 842 2694 πεποίηται·
865 2616 918 2698 ἐγω
935 2617 965 2676 δέ

162 2704 269 2780 ὀφείλω
290 2707 383 2789 λέγειν
403 2706 440 2765 τιὶ
460 2706 607 2788 λεγόμενα,
630 2706 779 2765 πείθεσθαί
796 2733 830 2788 γε
853 2705 911 2783 μὴν
932 2703 964 2765 ού

161 2795 325 2854 παντάπασι
339 2795 455 2870 ὀφείλω·
477 2796 525 2853 καί
539 2821 589 2871 μοι
606 2799 689 2854 τοῦτο
705 2794 738 2854 ro*
755 2795 819 2858 ἐπος
836 2795 920 2873 ἐχέτω
938 2797 965 2856 ἐς

161 2882 253 2942 πάντα
272 2883 322 2944 τὸν
341 2884 437 2966 λόγον·
459 2884 519 2942 ἐπεὶ
539 2885 586 2942 καὶ
605 2887 692 2943 ταῦτα
712 2884 832 2964 λέγεται,
855 2882 890 2944 οἷς
909 2880 963 2957 ἄρα

161 2969 283 3052 Ἀργεῖοι
303 2972 377 3048 ἦσαν
399 2975 426 3031 οἶ
449 2971 681 3048 ἐπικαλεσάμενοι
704 2971 753 3030 τδν
778 2971 894 3046 Πέρσην
918 2967 964 3027 ἐπὶ

160 3059 212 3135 την
224 3060 359 3129 Ἑλλάδα,
374 3060 467 3136 ἐπειδή
486 3067 542 3136 σφι
560 3059 630 3137 πρός
647 3059 712 3122 τούς
729 3057 963 3132 Λακεδαιμονίους

162 3153 250 3210 κακῶς
273 3149 291 3224 ἦ
316 3149 403 3226 αἰχμή
428 3146 550 3224 ἑστήκεε,
572 3152 629 3210 πᾶν
652 3146 686 3225 δὴ
711 3142 884 3225 βουλόμενοί
906 3149 963 3220 σφι

161 3235 231 3295 εἶναι
247 3237 303 3313 πρὸ
319 3243 367 3311 τῆς
383 3238 542 3313 παρεούσης
558 3240 659 3312 λύπης.
701 3237 736 3295 τοὶ
754 3239 807 3313 μὲν
822 3235 885 3312 περὶ
897 3232 961 3310 Ἀρ·

159 3325 242 3454 γΙείων
256 3325 371 3400 εἴρηται,

187 3407 250 3452 ’.-1
259 3411 272 3449 5
