2268 3536
158 170 267 235 24-29]
465 169 668 221 υυΡυιΧοοΗ.
929 167 959 216 11

159 251 285 312 καστέων
313 247 356 310 ὅτι
386 249 432 308 ἐπὶ
458 249 588 327 χρήμασι
614 249 692 326 δίκην
718 248 813 308 άδικον
840 247 960 317 ἐδίκασε,

158 340 274 418 σφάξας
293 336 419 415 ἀπέδειρε
437 342 534 398 πᾶσαν
550 337 602 414 τήν
619 337 804 414 ἀνθρωπηίην·
823 335 962 406 σπαδίξας

158 429 189 489 δὲ
212 427 298 487 αύτοῦ
319 425 352 486 τό
375 425 472 503 δέρμα,
495 425 611 503 ἱμάντας
638 426 669 495 ἐξ
692 424 778 485 αὐτοῦ
805 425 887 502 ἔταμε
914 425 961 484 καὶ

158 517 273 578 ἐνέτεινε
292 513 341 575 τδν
362 513 462 592 θρόνον
480 519 508 577 ἐς
527 514 578 574 τδν
595 514 658 586 ἶζων
676 513 790 584 ἐδίκαζε·
812 512 962 576 ἐντανύσας

158 606 188 664 δὲ
209 604 226 664 ὅ
248 601 412 681 Καμβύσης
432 601 488 662 άπέ
504 603 548 672 εξε
574 601 710 677 δικαστήν
732 601 802 662 εἶναι
824 599 886 662 ἀντὶ
911 607 961 661 ταΰ

159 691 315 771 Σισάμνεω,
335 691 386 752 τόν
407 691 573 754 ἀποκτείνας
588 691 724 768 άπέδειρε,
740 689 792 750 τδν
807 689 894 748 παῖδα
911 695 961 750 τοῦ

159 782 314 860 Σισάμνεω,
329 779 520 857 ἐντειλάμενός
532 783 559 840 οἱ
572 781 734 858 μεμνῆσθαι
748 785 777 840 ἐν
795 782 833 857 τῷ
847 780 962 850 κατίζων

158 870 247 951 θρόνῳ
261 869 374 942 δικάζει.
404 867 495 932 Οὗτος
509 869 546 929 ὧν
560 869 576 929 ό
589 868 708 946 Ὀτάνης
722 868 738 930 o‘
752 868 1008 950 ἐγκατιζόμενοςΣδ

159 964 186 1022 ἐς
214 965 314 1020 τοῦτον
340 958 391 1019 τόν
424 958 532 1036 θρόνον,
559 958 623 1018 τότε
654 958 783 1038 διάδοχος
811 956 959 1037 γενόμενος

159 1047 323 1128 Μεγαβάζῳ
336 1053 387 1123 τῆς
406 1048 587 1126 στρατηγίης,
602 1049 770 1118 Βυζαντίους
787 1072 818 1106 τε
838 1045 896 1104 εἷλε
916 1046 961 1104 καὶ

161 1136 383 1212 Καλχηδονίους·
406 1136 463 1194 εἷλε
478 1137 507 1195 δέ
516 1135 687 1214 ΙἈντανδρον
701 1135 753 1212 τήν
764 1140 793 1195 ἐν
805 1139 841 1213 τῇ
854 1133 961 1211 Τρωάδι

161 1225 209 1300 γῇ·
230 1222 289 1280 εἷλε
307 1223 336 1280 δὲ
354 1223 533 1296 Λαμπώνιον·
558 1225 659 1298 λαβιδν
681 1224 710 1282 δέ
730 1223 808 1300 παρά
828 1223 962 1298 Λεσβίων

161 1311 224 1371 νέας
238 1309 296 1368 εἷλε
309 1307 426 1385 Λῆμνόν
436 1335 467 1367 τε
477 1310 523 1367 καὶ
530 1303 662 1386 Ἴμβρον,
673 1310 836 1386 ἀμφοτέρας
850 1311 889 1368 ἔτι
898 1309 962 1370 τότε

159 1396 215 1457 ύπδ
229 1401 393 1478 Πελασγῶν
409 1398 577 1474 οἰκεομένας.
620 1401 657 1457 Οἱ
669 1401 721 1475 μὲν
735 1398 769 1475 δή
782 1398 903 1475 Λήμνιοι
916 1399 1008 1462 uam?

160 1487 337 1564 ἐμαχέσαντο
352 1485 381 1546 εὖ
396 1487 443 1545 καὶ
462 1479 697 1564 ἀμυνόμενοίάνοὶ
709 1487 813 1566 χρόνον
826 1487 961 1565 ἐκακώθη-

158 1593 224 1634 σαν·
244 1578 321 1635 τοῖσι
339 1576 369 1635 δὲ
384 1579 529 1654 περιεοῦσι
550 1575 640 1636 αὐτῶν
657 1580 684 1636 οἱ
701 1578 814 1654 Πέρσαι
834 1575 961 1657 ὕπαρχον

159 1666 294 1723 ἐπιστᾶσι
309 1663 481 1742 Λυκάρητον,
496 1664 548 1724 τόν
564 1665 739 1742 Μαιανδρίου
754 1670 804 1726 τοῦ
822 1666 959 1742 βασιλεύ-

159 1775 262 1815 σαντος
272 1750 370 1830 Σάμου
380 1751 529 1828 α’δελφεόν.
559 1751 653 1834 (οὗτος
666 1753 682 1814 ό
695 1754 858 1832 Λυκάρητος
868 1753 962 1833 ἅρχων

159 1843 188 1898 ἐν
207 1840 312 1920 Λήμνῳ
327 1841 467 1922 τελευτᾷ.)
510 1843 584 1902 αἰτία
606 1842 636 1901 δὲ
655 1841 756 1902 τούτου
776 1842 834 1918 ἥδε·
856 1842 962 1905 πάντας

157 1926 372 2006 ἠνδραποδίζετο
386 1930 431 1988 καὶ
446 1932 660 2008 κατεστρέφετο,
671 1931 736 1994 τούς
745 1934 797 2007 μὲν
807 1935 961 2007 λιποστρα-

157 2017 219 2092 τίης
238 2018 284 2076 ἐπὶ
305 2017 414 2081 Σκύθας
434 2018 602 2095 αἰτιώμενος,
623 2018 689 2082 τούς
710 2019 739 2078 δὲ
760 2019 891 2078 σίνεσθαι
911 2018 962 2078 τόν

159 2105 280 2182 Δαρείου
304 2105 427 2182 στρατόν
449 2105 506 2166 α’πδ
531 2108 659 2171 Σκυθέων
680 2107 772 2167 ὀπίσω
796 2106 961 2181 ἀποκομιζό-

157 2217 251 2268 μενον·
276 2191 357 2256 ούτος
373 2195 426 2271 μέν
441 2221 489 2254 νυν
505 2200 634 2254 τοσαῦτα
651 2194 824 2274 ἐξεργάσατο
842 2219 961 2270 στρατη-

157 2279 259 2361 γήσας.

199 2369 281 2430 Μετά
298 2369 336 2439 δὲ,
352 2368 384 2428 οὗ
400 2368 513 2429 πολλόν
527 2368 629 2448 χρόνον
643 2366 738 2432 άνεσις
754 2373 844 2429 κακῶν
857 2369 900 2446 ἦν,
915 2373 961 2431 καὶ
971 2375 1009 2433 28

157 2455 261 2536 ἤρχετο
274 2457 307 2517 τό
325 2457 452 2536 δεύτερον
465 2463 495 2516 ἐκ
513 2457 610 2527 Νάξου
624 2483 655 2518 τε
673 2458 718 2520 καὶ
736 2458 867 2536 Μιλήτου
881 2460 961 2520 Ἴωσι

157 2545 288 2625 γίνεσθαι
306 2547 387 2605 κακά.
422 2551 507 2606 τοῦτο
523 2549 575 2624 μὲν
587 2547 642 2627 γάρ
657 2547 675 2623 ή
691 2548 786 2617 Νάξος
803 2549 962 2628 εὐδαιμονίῃ

156 2637 213 2692 τῶν
222 2634 315 2710 νήσων
325 2637 473 2713 προέφερε,
484 2639 567 2696 τοῦτο
580 2637 610 2695 δὲ
624 2637 694 2696 κατά
704 2637 754 2698 τόν
765 2637 849 2698 αὐτόν
859 2638 962 2718 χρόνον

156 2720 176 2797 ἦ
194 2723 326 2796 Μίλητος
344 2721 415 2800 αύτή
430 2749 461 2784 τε
480 2727 581 2800 ἑωυτῆς
595 2725 725 2802 μάλιστα
740 2726 774 2801 δή
791 2726 855 2786 τότε
874 2725 962 2803 ἀκμά-

157 2835 245 2884 σασα,
262 2812 308 2870 καὶ
328 2809 427 2888 δήκαὶ
447 2816 498 2888 τῆς
512 2811 617 2889 Ἰωνίης
637 2812 672 2890 ἦν
691 2814 859 2894 πρόσχημα·
881 2815 961 2874 κατύ-

157 2900 243 2975 περθε
255 2899 285 2958 δὲ
295 2899 407 2969 τούτων,
419 2900 465 2960 ἐπὶ
478 2899 527 2960 δύο
539 2902 637 2982 γενεάς
649 2901 755 2979 ἀνδρῶν
769 2904 921 2979 νοσήσασα
935 2907 963 2966 ἐς

156 2986 193 3045 τά
205 2987 334 3063 μάλιστα
347 2988 444 3058 στάσι,
458 2989 543 3067 μέχρι
556 2987 589 3048 ού
602 3015 651 3066 μιν
662 2990 767 3068 Πάριοι
780 2991 960 3067 κατήρτισαν·

159 3075 273 3139 τούτους
295 3078 350 3157 γάρ
375 3081 600 3155 καταρτιστῆρας
627 3083 657 3137 ἐκ
684 3079 794 3140 πάντων
816 3077 962 3152 Ἑλλήνων

155 3164 268 3224 εἴλοντο
282 3169 308 3226 οἱ
324 3166 475 3242 Μιλήσιοι.
510 3165 704 3241 Κατήλλαξαν
718 3168 748 3226 δέ
764 3173 856 3242 σφεας
870 3164 921 3224 ὦδε
935 3169 962 3226 οἶ
974 3170 1013 3226 29

157 3252 271 3330 Πάριοι.
313 3254 349 3317 ὥς
372 3253 505 3314 άπίκοντο
526 3253 617 3314 αύτιδν
639 3254 734 3330 ἄνδρες
755 3257 781 3311 οἱ
802 3251 914 3328 ἄριστοι
935 3257 962 3316 ἐς

156 3339 209 3416 τήν
228 3343 367 3418 Μίλητον,
382 3341 467 3419 ὥρεον
482 3341 538 3422 γάρ
554 3341 589 3416 δή
608 3347 701 3416 σφεας
720 3341 813 3403 δεινῶς
831 3341 962 3415 οἰκοφθο-
