2268 3536
157 129 272 196 ,ιι-ιι]
509 138 621 188 mm.
935 141 965 190 77

154 237 200 269 w
221 212 299 275 ἰθέως
318 215 462 291 Ἀθηναῖοι
484 217 624 287 ἐπεκέατο,
646 219 787 281 δοκέοντες
809 220 855 278 ἐπὶ
878 221 967 296 σφίσι

164 299 278 376 ἔχοντας
290 301 355 365 τούς
368 303 518 382 Αἰγινήτας
532 305 676 366 δεδωκέναι
690 305 725 369 αῖς
738 304 798 382 ἅμα
810 311 848 386 τῷ
862 309 963 386 Πέρση

164 389 210 446 ἐπὶ
231 389 323 464 σφέας
347 391 560 468 στρατεύωνται·
586 393 632 452 καὶ
656 392 774 470 ἅσμενοι
800 395 963 471 προφάσιος

163 475 349 552 ἐπελάβοντο,
364 480 524 554 φοιτέοντές
539 507 570 540 τε
588 485 616 542 ἐς
634 481 685 557 τὴν
700 481 833 558 Σπάρτην
847 482 964 563 κατηγό-

161 589 226 638 ρεον
239 569 293 626 τῶν
307 569 474 647 Αἰγινητέων
493 567 528 626 τά
548 569 726 645 πεποιήκοιεν
747 569 896 646 προδόντες
913 571 964 646 τὴν

161 651 298 712 Ἐλλάδα.
341 656 418 731 Πρός
440 655 543 732 ταύτην
564 657 662 733 δὲτὴν
682 657 849 738 κατηγορίην
871 663 960 716 Κλεο-
972 663 1011 719 50

161 741 245 816 μένης
263 740 279 800 ό
293 741 517 820 Ἀναξανδρίδεω,
532 744 672 820 βασιλεῖς
691 744 742 805 ε’σίν
759 747 962 822 Σπαρτιητέων,

160 827 244 905 διέβη
259 834 286 892 ἐς
299 831 416 911 Αἴγιναν
429 831 605 907 βουλόμενος
621 834 781 909 συλλαβεῖν
795 834 963 915 Αἰγινητέων

159 916 224 979 τοιίς
250 918 436 982 αἰτιωτάτους·
465 919 499 982 ὥς
525 919 555 978 δὲ
582 925 711 998 ἐπειρᾶτο
742 921 962 998 συλλαμβάνων,

159 1001 246 1063 ἄλλοι
264 1031 295 1064 τε
314 1006 347 1081 δη
367 1006 440 1085 αὐτῷ
454 1009 577 1088 ἐγίνοντο
592 1008 713 1079 ἀντίξοοι
726 1013 781 1069 τῶν
794 1010 963 1090 Αἰγινητέων

160 1095 190 1147 ἐν
209 1090 239 1148 δὲ
257 1092 291 1167 δή
311 1094 357 1150 καὶ
371 1099 459 1170 Κρῖος
476 1094 492 1154 ό
510 1097 687 1172 Πολυκρίτου
705 1096 842 1172 μάλιστα·
864 1097 895 1159 ὃς
912 1096 963 1156 σιίκ

161 1178 216 1252 ἔφη
238 1178 323 1238 αὐτόν
342 1180 439 1239 οὗδένα
456 1181 531 1249 ἄξειν
550 1184 684 1260 χαίροντα
700 1186 876 1264 Αἰγινητέων·
897 1183 962 1244 άνευ

160 1263 215 1343 γάρ
233 1291 282 1341 μιν
297 1269 490 1342 Σπαρτιητέων
512 1273 561 1327 τοῦ
581 1275 672 1328 κοινοῦ
691 1270 794 1329 ποιέειν
810 1275 899 1329 ταῦτα
915 1271 962 1330 ὕπ’

160 1351 313 1428 Ἀθηναίων
331 1354 544 1435 ἀναγνωσθέντα
564 1356 702 1435 χρήμασι·
723 1356 782 1434 ἅμα
794 1358 849 1439 γάρ
863 1357 898 1418 άν
913 1384 962 1435 μιν

157 1445 197 1519 τῷ
218 1443 299 1522 ἑτέρῳ
319 1444 442 1519 βασιλέϊ
463 1444 582 1504 ἐλθόντα
595 1445 819 1522 συλλαμβάνειν·
841 1448 919 1528 ἔλεγε
932 1447 962 1506 δὲ

158 1533 247 1588 ταῦτα
260 1531 291 1600 ἐξ
304 1535 459 1607 ἐπιστολῆς
471 1537 520 1608 τῆς
534 1533 716 1611 Δημαρήτου.
755 1535 917 1611 Κλεομένης
929 1535 959 1594 δὲ

157 1615 381 1696 α’πελαυνόμενος
396 1625 426 1679 ἐκ
440 1625 490 1696 τῆς
504 1623 625 1700 Αἰγίνης,
638 1622 724 1699 εἴρετο
737 1621 786 1682 τόν
801 1627 889 1700 Κρῖον
904 1623 919 1683 ὅ
932 1650 960 1683 τι

158 1707 185 1764 οἰ
200 1706 241 1782 εἰη
254 1706 287 1766 τό
302 1706 419 1784 οὔνομα;
441 1707 458 1768 ό
471 1709 501 1768 δὲ
514 1707 547 1768 τό
563 1709 607 1769 ε’όν
618 1711 727 1786 ἔφρασέ
740 1714 775 1770 οῖ·
798 1710 814 1772 ό
828 1711 857 1769 δὲ
868 1716 959 1770 Κλεο-

157 1794 241 1870 μένης
262 1800 333 1872 πρός
356 1795 439 1857 αὐτόν
463 1799 526 1874 ἔφη·
551 1797 628 1874 ι(ἤδη
653 1801 700 1858 νῦν
725 1798 912 1877 καταχάλκσυ,
938 1797 959 1858 ὦ

159 1886 236 1956 Κριέ,
250 1885 286 1943 τοὶ
299 1885 387 1961 κέρεα,
403 1885 438 1949 ὦς
451 1886 652 1963 συνοισόμενος
664 1887 779 1968 μεγάλῳ
794 1885 892 1966 κακῷ.”

198 1969 247 2031 Ἑν
264 1973 294 2031 δὲ
316 1978 350 2051 τῇ
370 1974 485 2054 Σπάρτη
503 1979 603 2034 τοῦτον
624 1975 673 2035 τόν
691 1976 794 2054 χρόνον
813 1975 1001 2051 ὑπομένων51

158 2059 327 2136 Δημάρητος
344 2061 361 2120 ὁ
375 2061 542 2138 Ἀρίστωνος
563 2063 699 2138 διέβαλλε
719 2063 769 2122 τόν
786 2063 956 2137 Κλεομένεα,

156 2147 209 2206 ἐιῖν
226 2149 365 2223 βασιλεὺς
384 2152 429 2208 καὶ
449 2148 528 2213 οὗτος
543 2152 738 2226 Σπαρτιητέων
757 2151 843 2223 οἰκίης
862 2149 891 2206 δέ
908 2153 958 2224 τῆς

156 2233 366 2314 ὑποδεεστέρης·
389 2237 446 2296 κατ’
460 2237 534 2296 άλλο
548 2240 600 2314 μὲν
614 2235 693 2295 σιῖδέν
705 2236 956 2312 ὑποδεεστέρης,-

155 2322 213 2382 οἶπὸ
227 2325 282 2405 γάρ
297 2329 347 2384 τοῦ
363 2324 448 2384 αὑτοῦ
462 2324 718 2406 γεγόνασι,-κατά
735 2326 957 2404 πρεσβυγενείην

156 2411 188 2469 δέ
201 2439 253 2476 κως
265 2415 409 2490 τετίμηται
421 2418 534 2489 μᾶλλον
548 2412 565 2488 ἦ
580 2412 779 2488 Εὐρυσθένεος.
820 2415 953 2473 Λακεδαι-
964 2419 1002 2475 52

156 2499 247 2574 μόνιοι
266 2501 319 2582 γάρ
340 2501 540 2582 ὁμολογέοντες
554 2498 644 2559 οὗδενὶ
658 2507 761 2580 ποιητῇ
774 2502 891 2582 λέγουσι
909 2502 955 2562 ου’·

155 2587 205 2646 τόν
219 2587 432 2665 Ἀριστόδημον,
446 2589 496 2648 τόν
509 2588 719 2668 Ἀριστομάχου
734 2595 784 2650 τοῦ
799 2591 955 2650 Κλεοδαίου

155 2680 205 2734 τοῦ
218 2677 337 2746 Ὕλλου,
351 2677 542 2754 βασιλεύοντα
557 2683 677 2760 α’γαγεῖν
695 2679 787 2753 σφέας
807 2683 833 2740 ἐς
851 2678 954 2754 ταύτην

154 2765 206 2838 τήν
223 2765 316 2844 χώρην
335 2766 385 2840 τὴν
403 2770 452 2824 νῦν
471 2769 603 2836 ἐκτέαται,
619 2765 683 2824 ἀλλ’
699 2765 730 2825 οὗ
748 2767 812 2830 τούς
825 2765 953 2844 Ἀριστο-

155 2852 244 2928 δήμου
263 2855 371 2915 παῖδας·
392 2854 463 2930 μετά
478 2855 507 2913 δὲ
520 2855 623 2933 χρόνον
640 2853 671 2913 οὔ
692 2856 811 2925 πολλόν,
825 2855 952 2931 Ἀριστο-

154 2940 232 3020 δήμιρ
251 2946 339 3002 τεκεῖν
357 2942 408 3017 την
428 2947 545 3022 γυναῖκα
561 2948 597 3022 τῇ
614 2941 719 3020 οὔνομα
733 2944 802 3002 εἶναι
814 2943 952 3023 Ἀργείην·

155 3030 293 3109 θυγατέρα
315 3030 344 3088 δὲ
366 3029 452 3105 αὐτὴν
476 3033 594 3112 λέγουσι
618 3031 687 3091 εἶναι
702 3031 882 3092 Αὐτεσίωνος
904 3035 955 3088 τοῦ

154 3122 312 3194 Τισαμενοῖ
334 3122 384 3178 τοῦ
403 3119 579 3196 Θερσάνδρου
603 3125 654 3179 τοῦ
676 3121 870 3180 Πολυνείκεος·
891 3117 954 3176 ταιί-

153 3231 205 3280 την
223 3206 252 3264 δὲ
267 3211 357 3266 τεκεῖν
370 3207 479 3283 δίδυμα·
502 3209 630 3268 ἐπιδόντα
644 3209 674 3266 δὲ
687 3207 735 3265 τόν
748 3205 954 3282 Ἀριστόδημον

153 3293 189 3352 τά
211 3293 293 3353 τέκνα
315 3293 406 3370 νούσῳ
427 3299 568 3364 τελευτᾶν,
587 3294 821 3368 Λακεδαιμονίους
841 3292 870 3351 δέ
891 3293 954 3356 τούς

160 3374 170 3419 ί
175 3376 180 3419 ἰ
209 3383 239 3428 -ῖ
