2278 3538
171 167 317 231 Ι198-202]
497 166 683 240 ΠΟΛΤΜΝΙΑ,
925 167 973 215 203

170 243 311 323 ’Ἡρακλέϊ
328 249 463 326 καιομένῳ
481 246 567 328 λόγος
582 235 644 306 ἐστὶ
661 235 847 322 ἀναφανῆναι·
868 237 924 307 α’πδ
944 247 975 308 δὲ

171 333 282 404 τούτου,
321 333 337 393 ι’
357 333 452 395 ἄλλων
476 335 565 394 εἴκοσι
592 333 719 404 σταδίων,
741 333 830 398 ἄλλος
850 335 976 413 ποταμός

174 421 286 492 έστι,’ὃς
300 424 430 483 καλέεται
444 424 549 487 Μέλας.
582 424 686 504 Τρηχὶς
699 423 729 482 δὲ
741 421 825 486 πόλις
837 422 894 483 όπδ
903 427 954 484 τοῦ
963 425 1020 484 199

173 510 306 574 Μέλανος
313 510 414 570 τούτου
423 517 552 589 ποταμοῦ
562 514 645 572 πέντε
656 511 757 571 στάδια
767 510 875 592 ἀπέχει·
888 512 975 591 ταύτῃ

173 598 204 657 δὲ
214 599 261 658 καὶ
271 598 419 677 εύρύτατόν
429 605 491 660 ἔστι
501 600 596 677 πόσης
608 605 659 676 τῆς
668 601 760 680 χώρης
768 599 871 684 ταύτης
881 593 976 662 ἐκτῶν
1015 588 1021 638 ἶ

173 685 276 764 ούρέων
303 693 330 751 ἐς
356 687 516 760 θάλασσαν,
544 689 602 748 κατ’
623 688 641 748 ἃ
665 689 769 768 Τρηχὶς
793 687 975 772 πεπόλισται·

174 774 302 854 δισχίλιά
327 801 358 836 τε
377 775 433 857 γὰρ
454 777 500 836 καὶ
521 776 653 854 δισμύρια
676 767 786 854 πλέθρα
809 779 859 836 τοῦ
879 777 976 836 πεδίου

175 863 246 922 ἐστί·
279 868 330 924 τοῦ
357 863 387 922 δὲ
413 864 507 942 οῦρεος
532 863 566 926 τό
589 865 744 943 περικληίει
770 860 821 942 τὴν
847 869 902 946 γῆν
923 864 975 940 τήν

174 951 333 1030 Τρηχινίην,
342 953 404 1012 ἔστι
414 953 544 1030 διασφὰξ
553 953 624 1030 πρός
633 953 817 1030 μεσαμβρίην
829 957 975 1032 Τρηχῖνος·

174 1037 221 1096 διδ
241 1039 271 1098 δὲ
290 1044 340 1115 τῆς
361 1041 520 1123 διασφάγος
532 1041 662 1104 Ἀσωπός
681 1041 809 1118 ποταμός
823 1042 879 1118 ῥέει
899 1041 976 1118 παρὰ

175 1125 228 1201 την
247 1127 373 1206 ύπωρέην
392 1134 442 1189 τοῦ
464 1128 568 1208 ούρεος.
604 1129 690 1189 Ἐστι
709 1130 739 1189 δὲ
754 1129 844 1192 ἄλλος
860 1130 957 1199 Φοίνιξ
964 1131 1023 1190 200

175 1216 301 1294 ποταμός
319 1217 352 1276 ού
366 1219 461 1298 μέγας,
479 1219 549 1296 πρδς
567 1220 750 1296 μεσαμβρίην
767 1223 818 1278 τοῦ
832 1216 975 1277 Ἀσωποῦ·

175 1302 207 1366 ὃς
233 1309 263 1364 ἐκ
288 1309 344 1364 τοῖν
364 1305 465 1383 οὐρέων
490 1305 595 1366 τούτων
619 1307 695 1384 ῥέων,
723 1313 749 1370 ἔς
776 1305 826 1366 ’τόν
844 1304 977 1364 Ἀσωπόν

177 1387 284 1452 ἐκδιδοῖ.
328 1394 398 1453 κατὰ
410 1395 441 1454 δὲ
458 1393 508 1454 τόν
526 1395 641 1454 Φοίνικα
656 1393 784 1472 ποταμόν
797 1393 976 1454 στεινότατόν

177 1483 249 1539 ἔστι·
270 1481 403 1560 ἅμαξιτός
415 1482 470 1563 γὰρ
483 1484 535 1558 μία
547 1481 636 1559 μούνη
649 1483 791 1560 δέδμηται·
812 1481 867 1542 ἀπό
882 1481 911 1541 δὲ
924 1485 975 1541 τοῦ

178 1569 303 1632 Φοίνικος
318 1575 446 1646 ποταμοῦ
462 1571 656 1630 πεντεκαίδεκα
671 1569 773 1630 στόδιό
790 1575 851 1630 ἔστι
868 1575 895 1634 ἐς
908 1569 975 1647 Θέρ-

178 1656 315 1728 μοπύλας·
349 1661 379 1717 έν
398 1657 428 1716 δὲ
447 1662 485 1738 τῷ
507 1649 612 1734 μεταξύ
632 1660 758 1722 Φοίνικος
780 1661 909 1736 ποταμοῦ
930 1658 976 1717 καὶ

110 1765 115 1773 ·
179 1746 380 1820 Θερμοπυλέων
402 1745 479 1822 κώμη
503 1747 535 1806 τέ
560 1752 629 1820 ε’στι,
656 1751 692 1826 τῇ
719 1745 824 1824 οὔνομα
850 1745 976 1824 Ἀνθήλη

178 1837 273 1902 κεῖται,
284 1833 349 1910 παρ’
359 1833 394 1910 ἢν
402 1833 436 1910 δὴ
448 1837 610 1912 παραρρέων
623 1834 778 1898 ύἈσωπός
788 1841 815 1900 ἐς
824 1834 977 1896 θάλασσαν

177 1921 294 1994 ἐκδιδοῖ,Ι
308 1922 354 1980 καὶ
375 1926 466 2000 χῶρος
486 1925 550 1999 περὶ
568 1923 654 1999 αὐτὴν
672 1923 758 2001 εὐρύς,
777 1929 806 1984 ἐν
823 1927 861 2002 τῷ
879 1923 977 2000 Δήμη-

177 2009 241 2086 τρός
252 2033 287 2069 ’τε
305 2009 365 2087 ἱρόν
382 2009 613 2087 Ἀμφικτυονίδος
630 2012 743 2088 ἵδρυται,
763 2013 809 2070 καὶ
828 2012 903 2088 ἕδραι
921 2012 977 2070 είσῖ

178 2097 375 2180 Ἀμφικτυόσι,
390 2099 435 2157 καὶ
449 2098 534 2158 αὐτοῦ
548 2104 597 2158 τοῦ
610 2099 814 2176 Ἀρφικτυόνος
828 2099 896 2176 ἱρόν.

219 2185 358 2250 Βασιλεύς
378 2187 483 2264 μὲνδὴ
508 2187 613 2264 Ξέρξης
640 2187 887 2264 ἐστρατοπεδεύετο
907 2190 958 2263 τῆς
966 2188 1022 2247 201

176 2274 308 2349 Μηλίδος
324 2279 353 2334 έν
367 2279 403 2353 τῇ
421 2277 565 2354 Τρηχινίῃ·
586 2279 613 2335 οἱ
630 2275 660 2334 δὲ
681 2273 878 2350 διφἝλληνες,
897 2277 977 2352 ε’ντῇ

177 2361 268 2440 διόδῳ·
297 2363 439 2442 (καλέεται
459 2364 489 2422 δὲ
511 2366 528 2424 ὁ
550 2368 640 2442 χῶρος
662 2361 743 2426 οὗτος
768 2361 823 2422 ῦπό
849 2365 901 2439 μὲν
922 2365 978 2420 τῶν

176 2449 303 2510 πλεόνων
328 2449 473 2526 Ἑλλήνων
499 2451 688 2528 Θερμοπύλαι,
709 2449 764 2510 ῦπὸ
786 2451 816 2509 δὲ
842 2455 897 2510 τοῖν
921 2455 977 2510 ε’πι-

177 2539 351 2616 χωρίωνκαὶ
377 2539 521 2616 περιοίκων
548 2539 665 2620 Πύλαι.)
708 2540 976 2617 ἐστρατοπεδεύοντο

177 2626 229 2701 μέν
242 2651 290 2686 νυν
304 2626 427 2703 ἑκάτεροι
441 2633 469 2687 ἐν
482 2627 608 2687 τούτοισι
621 2633 697 2688 τοῖσι
709 2629 847 2708 χωρίοισι·
866 2627 978 2705 ἐπεκρά-

177 2737 222 2772 τεε
235 2713 292 2773 δὲό
304 2717 355 2790 μὲν
368 2719 423 2774 τῶν
435 2716 505 2792 πρὸς
517 2718 610 2792 βορῆν
623 2713 724 2794 ἄνεμον
737 2715 857 2796 ε’χόντων
868 2715 979 2776 πόντων

177 2801 262 2880 μέχρι
271 2806 415 2882 Τρηχῖνος,
427 2807 453 2862 οἱ
463 2803 493 2862 δὲ
503 2807 558 2863 τῶν
567 2803 638 2881 πρός
647 2803 727 2864 νότον
738 2805 784 2863 καὶ
796 2805 980 2883 μεσαμβρίην
1010 2863 1012 2866 .

178 2889 329 2966 φερόντων,
343 2891 377 2950 τό
391 2893 437 2949 ε’πὶ
450 2891 551 2966 ταύτης
564 2897 614 2968 τῆς
627 2892 753 2971 ἠπείρου.

212 2976 314 3038 Ἦσαν
340 2978 370 3037 δὲ
397 2979 454 3038 οἵδε
480 2979 625 3056 Ἑλλήνων
649 2985 676 3040 οἶ
703 2979 887 3058 ύπομένοντες
909 2980 1027 3040 τὸν202

180 3067 296 3143 Πέρσην
317 3072 346 3126 ἒν
366 3066 454 3147 τούτῳ
474 3072 512 3146 τῷ
531 3068 621 3148 χοίρῳ·
644 3069 839 3145 Σπαρτιητέων
856 3093 888 3126 τε
902 3091 978 3144 τριη-

180 3153 273 3212 κόσιοι
283 3154 406 3228 ὁπλῖται,
420 3157 465 3213 καῖ
477 3159 634 3236 Τεγεητέων
649 3158 694 3215 καὶ
708 3155 869 3214 Μαντινέων
882 3155 979 3234 χίλιοι,

179 3239 295 3317 ἡμίσεες
314 3243 456 3319 ἑκατέρων·
484 3245 514 3313 ἐξ
528 3243 701 3323 Ὀρχομενοῦ
721 3269 752 3302 τε
769 3245 820 3317 τῆς
833 3241 981 3319 Ἀρκαδίης

180 3325 271 3390 εἴκοσι
282 3330 328 3389 καὶ
338 3330 444 3401 ἑκατὸν,
456 3333 501 3391 καὶ
515 3337 545 3392 ἐκ
555 3337 605 3408 τῆς
617 3335 720 3407 λοιπῆς
726 3328 873 3407 Ἀρκαδίης
882 3330 980 3410 χίλιοι.
