2278 3538
178 147 225 192 248
486 143 669 194 ἨΡΟΔΟΤΟΤ
883 141 975 202 [VIII.

175 213 316 301 ποννήσιρ·
338 221 387 285 ἕως
406 222 458 298 μέν
478 221 512 297 δή
531 220 621 282 αὐτῶν
641 221 711 300 ἀνήρ
730 220 810 299 ἀνδρὶ
823 221 977 298 ’παραστὰς

175 313 245 389 σιγῇ
272 309 360 408 λόγον
387 310 517 382 ἐποιέετο,
541 311 621 385 θῶμα
641 310 799 386 ποιεύμενοι
818 309 869 384 τήν
888 308 977 386 Εὐρυ-

175 390 280 466 βιάδεω
300 393 447 467 ἀβουλίην,
470 392 551 454 τέλος
572 391 601 450 δέ
622 390 756 472 ἐξερράγη
781 396 808 454 ἐς
834 389 866 449 τδ
887 391 977 466 μέσον

175 477 321 560 σύλλογός
333 505 364 539 τε
377 479 411 555 δή
426 480 538 560 ἐγίνετο,
550 479 596 538 καὶ
610 479 706 538 πολλά
721 479 833 559 ἐλέγετο
846 479 977 555 περὶτῶν

176 565 274 640 αὐτῶν,
298 570 324 626 οἱ
344 569 396 644 μὲν
416 566 451 630 οἷς
472 571 499 630 ἐς
518 566 570 643 τήν
590 567 813 642 Πελοπόννησον
830 565 914 644 χρεδν
934 567 978 642 εἴη

175 653 343 726 ἀποπλείειν,
365 655 411 714 καὶ
431 656 495 732 περὶ
515 656 617 731 ἐκείνης
638 655 809 724 κινδυνεύειν,
832 653 902 730 μηδὲ
923 655 978 730 πρὸ

176 744 268 822 χώρης
292 743 462 820 δοριαλώτου
485 745 618 820 μένοντας
644 744 799 822 μάχεσθαι·
833 741 978 816 Ἀθηναῖοι

177 831 213 904 δὲ,
241 833 287 889 καὶ
310 835 465 911 Αἰγινῆται,
491 833 537 890 καὶ
561 833 712 912 Μεγαρέες,
733 830 822 890 ἀὐτοῦ
845 830 978 906 μένοντας

129 919 167 980 75
177 917 345 994 ἀμύνασθαι.
386 918 523 979 Ένθαῦτα
550 920 766 996 Θεμιστοκλέης,
795 918 830 980 οἷς
857 922 979 978 ἑσσοῦτο

177 1007 321 1088 τῇγνοίμῃ
334 1005 389 1068 ΰπδ
403 1013 459 1068 τῶν
469 1009 715 1084 Πελοποννησίων,
730 1006 825 1066 λαθων
839 1007 979 1086 ἐξέρχεται

179 1099 209 1154 ἐκ
221 1100 272 1156 τοῦ
286 1097 440 1174 συνεδρίου·
462 1097 581 1166 ἐξελθιδν
598 1097 628 1155 δέ
646 1099 750 1172 πέμπει
769 1101 796 1158 ἐς
814 1095 847 1154 τό
861 1095 978 1172 στρατό-

178 1184 262 1244 πεδον
290 1185 322 1244 τδ
351 1185 455 1261 Μήδων
485 1183 571 1262 ἀνδρα
601 1186 699 1264 πλοίῳ,
727 1183 918 1260 ἐντειλάμενος
943 1183 979 1242 τά

180 1273 273 1353 λέγειν
293 1273 386 1352 χρεόν·
408 1278 445 1352 τῷ
467 1272 571 1349 οὕνομα
591 1275 643 1348 μέν
662 1272 697 1348 ἦν
718 1274 850 1338 Σίκιννος·
873 1273 979 1346 οἰκέτης

177 1360 207 1418 δὲ
228 1362 273 1420 καὶ
294 1361 470 1443 παιδαγωγὸς
496 1360 531 1437 ἦν
557 1364 612 1420 τῶν
633 1361 841 1437 Θεμιστοκλέος
864 1360 979 1420 παίδων·

177 1448 227 1508 τάν
240 1449 269 1508 δὲ
283 1449 401 1527 ὕστερον
408 1450 512 1510 τούτων
521 1453 576 1509 τῶν
590 1447 759 1530 πρηγμάτων
770 1449 980 1524 Θεμιστοκλέης

160 1531 304 1596 ΙΘεσπιέα
331 1564 362 1597 τε
389 1538 513 1614 ἐποίησε,
542 1537 577 1600 ὦς
604 1538 765 1598 ἐπεδέκοντο
792 1539 819 1594 οἱ
845 1536 980 1599 Θεσπιέες

178 1625 323 1699 πολιήτας,
352 1625 397 1683 καὶ
423 1625 552 1703 χρήμασι
583 1623 695 1702 ὄλβιον·
737 1624 768 1687 ὃς
797 1623 861 1683 τότε
889 1625 980 1703 πλοίιρ

178 1711 352 1788 ἀπικόμενος,
375 1713 454 1793 ἔλεγε
472 1712 542 1789 πρὸς
562 1712 627 1775 τούς
645 1711 820 1792 στρατηγούς
835 1715 889 1771 τῶν
909 1713 979 1788 βαρ-

177 1799 275 1876 βάρων
294 1801 369 1860 τάδε·
404 1810 422 1835 “
431 1802 538 1878 ἔπεμψέ
557 1827 593 1877 με
614 1801 771 1882 στρατηγὸς
792 1800 807 1860 ὁ
827 1798 980 1876 Ἀθηναίων

178 1887 271 1965 λάθρη
284 1892 339 1948 τῶν
352 1887 447 1948 ἄλλων
460 1888 611 1965 Ἑλλήνων,
628 1889 771 1970 (τυγχάνει
786 1889 841 1968 γάρ
856 1887 981 1964 φρονέων

178 1975 215 2036 τά
232 1977 378 2053 βασιλέος,
403 1977 448 2036 καὶ
469 1976 644 2054 βουλόμενος
666 1981 779 2053 μᾶλλον
802 1976 837 2036 τά
861 1975 981 2053 ἀμέτερα

179 2065 333 2142 κατύπερθε
349 2067 477 2147 γίνεσθαι
493 2065 510 2141 ἢ
527 2066 562 2125 τά
578 2070 633 2126 τῶν
648 2063 793 2141 Ἑλλήνων
806 2063 979 2145 πρήγματα,)

179 2154 329 2230 φράσοντα
355 2153 398 2214 ὅτι
426 2157 452 2214 οἱ
474 2153 612 2230 Ἕλληνες
633 2153 769 2230 Ιδρησμὸν
795 2151 981 2229 βουλεύονται

180 2242 428 2321 καταρρωδηκότες·
454 2244 499 2300 καὶ
518 2246 565 2302 νῦν
584 2243 700 2320 παρέχει
719 2241 875 2300 κάλλιστον
896 2239 981 2316 ὖμέας

180 2331 261 2411 ἔργον
295 2330 422 2390 ἀπάντων
456 2330 671 2410 ἐξεργάσασθαι,
699 2327 734 2406 ἢν
767 2328 807 2406 μή
843 2329 981 2406 περιίδητε

179 2417 342 2495 διαδράντας
369 2417 476 2481 αὐτούς·
505 2417 567 2478 οὔτε
593 2417 648 2498 γάρ
675 2417 832 2492 ἀλλήλοισι
856 2417 982 2494 ὁμοφρο-

182 2507 282 2579 νέουσι,
307 2504 362 2564 οὔτ’
384 2507 423 2564 ἐτι
444 2505 661 2583 ἀντιστήσονται
681 2505 755 2584 ὑμῖν,
777 2506 847 2582 πρδς
868 2506 982 2570 ἑωυτούς

183 2618 211 2652 τε
235 2593 327 2667 σφέας
354 2591 460 2672 ὄψεσθε
486 2597 691 2674 ναυμαχέοντας
715 2593 779 2656 τούς
801 2593 837 2654 τά
862 2592 982 2670 ὖμέτερο

133 2683 171 2743 76
181 2682 349 2759 φρονέοντας
383 2683 428 2741 καὶ
461 2683 525 2748 τούς
558 2683 624 2761 μή.”
664 2684 699 2742 ‘0
725 2685 777 2760 μὲν
807 2681 896 2742 ταῦτά
926 2688 983 2757 σφι

181 2769 317 2849 σημήνας,
333 2771 455 2831 ἐκποδών
472 2769 689 2832 ἀπαλλάσσετο·
710 2775 786 2832 τοῖσι
799 2771 830 2830 δὲ
843 2769 878 2834 οἷς
891 2769 982 2830 πιστά

180 2858 286 2939 ἐγίνετο
313 2859 348 2918 τά
375 2859 554 2941 ἀγγελθέντα,
577 2865 660 2920 τοῦτο
680 2862 732 2936 μὲν
756 2865 783 2922 ἐς
808 2859 860 2935 τήν
880 2858 983 2934 νησίδο

179 2945 232 3022 τήν
250 2946 431 3018 Ψυττάλειαν,
447 2948 552 3023 μεταξι)
571 2947 731 3024 Σαλαμῖνός
742 2972 774 3007 τε
794 2946 920 3024 κειμένην
937 2947 983 3004 καὶ

180 3037 232 3108 τῆς
249 3033 372 3112 η’πείρου,
386 3035 512 3096 πολλοὺς
528 3039 583 3094 τῶν
604 3036 737 3112 Περσέων
753 3035 983 3112 ἀπεβιβάσαντο·

181 3122 311 3180 τοῦτοδὲ
331 3122 424 3196 ἐπειδή
444 3122 566 3200 ἐγίνοντο
583 3122 670 3198 μέσαι
691 3122 792 3192 νύκτες,
807 3122 913 3204 ἀνῆγον
930 3125 984 3198 μέν

182 3207 216 3268 τὸ
230 3207 276 3266 ἀπ’
296 3210 415 3286 ἑσπέρης
433 3209 513 3284 κέρας
532 3208 713 3285 κυκλούμενοι
732 3209 802 3287 πρὸς
818 3209 870 3286 τήν
889 3210 984 3274 Σαλα-

181 3298 258 3368 μῖνα·
287 3293 391 3374 ἀνήγου
412 3295 442 3354 δὲ
469 3297 496 3353 οἳ
522 3293 597 3371 ἀμφὶ
622 3295 674 3372 τήν
698 3298 773 3358 Κέον
799 3323 831 3358 τε
852 3297 905 3357 καὶ
932 3291 986 3370 τήν
