2278 3538
193 131 239 180 ιιι
504 124 686 174 ἯΡοΔουου
893 123 988 188 [vm.

191 233 278 284 μενοι,
290 211 318 270 ἐς
329 204 382 282 τήν
392 206 540 281 Σαλαμῖνα
553 204 664 264 διένεον·
683 206 739 265 πάιν
752 203 783 264 δέ
795 203 951 281 βαρβάρων
966 209 993 264 οἳ

191 295 297 353 πολλοὶ
325 299 353 354 ἐν
384 298 419 373 τῇ
448 292 583 370 θαλάσσῃ
614 291 815 370 διεφθάρησαν,
846 293 915 352 νέειν
942 292 993 352 οὐκ

191 381 381 458 ἐπιστάμενοι.
423 382 483 440 ἐπεὶ
510 382 540 440 δέ
566 384 595 438 αἱ
621 384 728 456 πρῶται
749 386 776 443 ἐς
800 380 895 461 φυγήν
915 381 993 458 ἐτρά-

192 495 288 540 ποντο,
311 471 429 530 ἐνθαῦτα
450 472 480 528 αἱ
499 472 634 528 πλεῖσται
657 469 856 546 διεφθείροντο·
892 473 918 529 οἳ
937 469 993 550 γάρ

192 555 294 619 ὄπισθε
304 559 477 639 τεταγμένοι,
488 561 516 621 ἐς
527 557 561 617 τό
574 556 684 634 πρόσθε
694 561 762 636 τῇσι
773 558 855 633 νηυσὶ
865 560 993 635 παριέναι

192 646 364 724 πειρώμενοι
391 645 426 710 ὥς
453 645 654 723 ἀποδεξόμενοί
680 672 708 706 τι
735 646 781 705 καὶ
806 645 885 705 αὐτοὶ
912 647 993 727 ἔργον

193 736 321 810 βασιλέϊ,
343 738 411 813 τῇσι
431 739 588 814 σφετέρῃσι
608 735 689 811 νηυσὶ
714 733 891 814 φευγούσῃσι
917 760 994 812 περι·

193 825 314 884 έπιπτον.

144 913 183 970 90
232 911 360 992 Ἐγένετο
381 911 411 971 δέ
431 912 477 970 καὶ
497 911 560 971 τάδε
581 916 610 970 ἐν
629 913 667 988 τῷ
688 909 800 990 θορύβῳ
819 909 917 989 τούτῳ·
937 915 994 972 ταῖν

191 1025 262 1064 τινες
285 1001 418 1060 Φοινίκων
441 1004 496 1060 τῶν
520 1002 548 1058 αἶ
568 1003 631 1074 νῆες
651 999 843 1075 διεφθαρέατο,
865 998 993 1064 ἐλθόντες

191 1088 268 1165 παρά
281 1090 408 1164 βασιλέα
422 1089 577 1164 διέβαλλον
589 1087 654 1150 τούς
662 1086 766 1159 Ἴωνας,
778 1086 814 1150 ὦς
828 1086 861 1146 δι’
875 1088 994 1152 ἐκείνους

193 1175 349 1238 ἀπολοίατο
376 1180 405 1236 αἱ
429 1181 500 1252 νῆες,
526 1175 561 1240 οἷς
587 1177 754 1252 προδόντων·
789 1175 932 1251 συιήνεικε
956 1175 993 1237 ὦν

193 1264 270 1337 οὕτω,
300 1265 372 1325 ὥστε
398 1263 497 1324 Ἰόνιον
517 1291 548 1324 τε
569 1264 633 1327 τούς
660 1263 835 1344 στρατηγούς
860 1263 900 1340 μή
925 1263 993 1324 ἀπο-

193 1354 302 1426 λέσθαι,
331 1354 465 1413 Φοινίκων
496 1379 527 1412 τε
556 1352 621 1415 τούς
651 1351 860 1427 διαβάλλοντας
889 1354 993 1428 λαβεῖν

193 1442 299 1502 τοιόνδε
313 1441 427 1518 μισθόν·
449 1443 489 1500 ἐτι
499 1441 604 1500 τούτων
616 1443 704 1500 ταῦτα
714 1438 861 1520 λεγόντων,
873 1441 992 1516 ἐνέβαλε

193 1530 239 1604 νηῒ
264 1529 378 1607 Ἀττικῇ
406 1528 597 1605 Σαμοθρηικίη
620 1533 694 1604 νηῦς·
728 1527 747 1604 ἥ
769 1553 800 1587 τε
824 1526 858 1603 δή
878 1527 992 1604 Ἀττική

194 1616 347 1686 κατεδύετο,
363 1618 408 1674 καὶ
427 1618 614 1694 ἐπιφερομένῃ
628 1617 757 1698 Αἰγιναίη
776 1620 842 1692 νηῦς
858 1617 993 1676 κατέδυσε

193 1708 248 1763 τῶν
261 1705 460 1781 Σαμοθρηίκων
473 1704 524 1780 τήν
538 1710 600 1780 νῆα·
618 1706 666 1764 ἀτε
680 1706 714 1782 δή
727 1704 816 1768 ἐόντες
830 1703 992 1764 ἀκοντισταὶ

194 1795 221 1850 οἱ
248 1791 446 1869 Σαμοθρήικες,
473 1792 537 1856 τούς
560 1793 696 1868 ἐπιβάτας
722 1792 778 1852 ἀπό
801 1797 851 1867 τῆς
878 1793 992 1852 καταδυ-

193 1879 286 1955 σάσης
308 1879 372 1956 νηός
390 1880 550 1956 βάλλοντες
566 1881 718 1956 ἀπήραξαν,
738 1882 783 1940 καὶ
800 1880 947 1956 ἐπέβησάν
962 1907 993 1941 τε

194 1969 240 2028 καὶ
274 1970 359 2048 ἐσχον
387 1969 483 2045 αύτήν,
523 1971 612 2028 ταῦτα
640 1968 775 2049 γενόμενα
806 1968 870 2032 τούς
896 1969 993 2033 Ἴωνας

194 2057 339 2134 ἐρρύσατο·
372 2057 407 2122 ὥς
429 2058 485 2138 γάρ
505 2057 560 2117 εἶδέ
583 2064 675 2132 σφεας
695 2057 801 2133 Ξέρξης
823 2058 903 2137 ἔργον
919 2059 993 2138 μέγα
1021 2091 1025 2100 ·

194 2147 409 2226 ἐργασαμένους,
441 2146 575 2223 ἐτράπετο
602 2145 672 2222 πρός
691 2143 756 2208 τούς
781 2145 916 2217 Φοίνικας,
947 2145 993 2204 οἷα

193 2233 433 2312 ύπερλυπεόμενός
463 2261 494 2293 τε
529 2235 574 2292 καὶ
603 2233 708 2296 πάντας
737 2234 905 2309 αἰτιώμενος·
948 2234 995 2293 καί

194 2329 290 2394 σφεων
318 2326 446 2380 ἐκέλευσε
474 2328 522 2383 τάς
550 2321 677 2396 κεφαλάς
700 2321 854 2396 ἀποταμεῖν
883 2321 927 2380 ἵνα
952 2321 993 2398 μή

194 2408 273 2467 αὐτοὶ
293 2411 372 2467 κακοὶ
390 2411 533 2488 γενόμενοι
553 2409 616 2470 τούς
637 2407 782 2485 ἀμείνονας
803 2409 993 2484 διαβάλλωσι.
1015 2459 1026 2472 .,

195 2495 274 2574 (ὅκως
300 2495 355 2576 γάρ
381 2521 443 2554 τινα
464 2497 517 2556 ἴδοι
540 2496 645 2574 Ξέρξης
667 2501 721 2556 τῶν
744 2501 843 2556 ἑωυτοῦ
866 2499 946 2577 ἔργον
967 2523 995 2557 τι

194 2581 426 2660 ἀποδεικνύμενον
445 2589 474 2643 ἐν
493 2588 529 2662 τῇ
550 2585 697 2662 ναυμαχίῃ,
714 2587 865 2661 κατήμενος
884 2584 938 2644 ύπά
957 2589 996 2665 τῷ

195 2668 269 2745 οὔρεϊ
286 2674 325 2749 τῷ
345 2669 438 2731 ἀντίον
459 2673 619 2749 Σαλαμῖνος
638 2672 671 2732 τό
693 2673 822 2732 καλέεται
842 2673 994 2752 Αἰγάλεως,

194 2757 395 2818 ἀνεπυνθάνετο
416 2759 465 2820 τόν
483 2760 651 2836 ποιήσαντα·
677 2762 722 2820 καὶ
740 2765 767 2820 οἳ
783 2762 997 2842 γραμματισταὶ

195 2844 353 2926 ἀνέγραφον
367 2847 505 2925 πατρόθεν
518 2848 567 2907 τόν
581 2848 749 2927 τριήραρχον
764 2851 809 2908 καὶ
825 2849 876 2924 τήν
889 2848 996 2929 πόλιν.)

194 2935 264 3009 πρός
278 2935 307 2993 δὲ
321 2936 360 2993 ἐτι
374 2936 419 2994 καὶ
432 2935 631 3012 προσελάβετο
643 2937 728 3010 φίλος
743 2935 996 3012 ἐῶνἈριαράμνης,

194 3019 264 3097 ἀνὴρ
280 3023 394 3099 Πέρσης
407 3024 524 3098 παρεόν,
534 3022 634 3081 τούτου
648 3027 698 3081 τοῦ
711 3025 869 3100 Φοινικηίου
883 3023 996 3086 πάθεος·

146 3110 184 3166 91
238 3112 274 3166 OE
287 3113 338 3185 μὲν
352 3111 385 3185 δή
399 3111 468 3186 πρός
481 3109 545 3171 τούς
559 3112 687 3172 Φοινίκας
702 3112 863 3187 ἐτράποντο,
900 3115 955 3170 τῶν
969 3111 998 3169 δέ

164 3245 171 3268 ,
194 3195 351 3271 βαρβάρων
378 3203 405 3259 ἐς
433 3196 527 3276 φυγήν
550 3199 729 3273 τραπομένων
757 3200 802 3256 καὶ
825 3197 999 3258 ἐκπλεόντων

194 3281 265 3356 πρός
291 3283 324 3341 τό
352 3283 490 3360 Φάληρον,
520 3288 675 3364 Αἰγινῆται,
707 3285 879 3346 ὑποστάντες
906 3289 935 3344 ἐν
961 3287 1000 3363 τῷ

17 3385 61 3452 Ι
