2278 3538
167 196 213 241 188
473 193 655 240 ἫΡοΔοιυυ
884 193 962 260 [VH.

118 275 171 331 165
201 273 321 353 Λέγεται
331 271 361 331 δὲ
374 271 420 330 καὶ
432 270 499 330 τάδε
508 270 563 330 ὑπό
573 274 628 330 τῶν
639 275 667 330 ἑν
678 271 793 351 Σικελίῃ
803 274 962 350 οἰκημένων,

162 359 197 423 ὥς
211 355 285 436 ὅμως
302 361 347 419 καὶ
364 361 477 437 μέλλων
489 358 629 437 ἄρχεσθαι
641 359 696 418 ῦπὸ
710 360 934 436 Λακεδαιμονίων
947 363 963 422 ὁ

161 449 256 508 Γέλων
270 448 414 526 ἐβοήθησε
428 447 461 508 ἂν
473 453 549 507 τοῖσι
556 446 692 522 Ἕλλησι,
708 452 731 506 εἶ
743 447 784 524 μή
797 448 852 508 ῦπδ
867 449 962 528 Θήρω-

160 563 207 601 νος
223 543 274 598 τοῦ
292 536 484 614 Αἰνησιδήμου
499 536 720 616 Ἀκραγαντίνων
735 536 895 616 μουνάρχου
909 540 964 609 έξε·

160 628 278 690 λασθεὶς
296 628 326 696 ἒξ
341 626 451 703 Ἱμέρης
468 625 608 700 Τήριλλος
621 624 636 683 ὁ
651 625 817 701 Κρινίππου,
832 626 965 704 τύραννος

161 714 212 775 εἰῦν
235 715 353 793 Ἱμέρης,
379 719 466 793 ε’πῆγε
487 712 532 770 ὕπ’
556 711 640 772 αὐτόν
661 712 711 772 τόν
737 712 839 792 χρόνον
864 719 964 776 τοῦτον

160 805 293 863 Φοινίκων
314 803 360 861 καὶ
380 802 494 874 Λιβύων
515 802 560 859 καὶ
580 799 700 877 Ἰβήρων
721 803 767 862 καὶ
786 802 896 882 Λιγύων
917 805 963 863 καὶ

159 890 316 950 Ἐλισύκων
339 890 385 948 καὶ
410 890 566 966 Σαρδονίων
589 891 635 947 καὶ
663 891 789 967 Κυρνίων
814 890 964 966 τριήκοντα

158 979 302 1056 μυριάδας,
316 979 361 1037 καὶ
375 977 535 1058 στρατηγόν
548 977 637 1037 αὐτῶν
649 978 789 1055 Ἀμίλκαν
801 977 851 1038 τόν
859 978 962 1039 Ἀννω-

159 1092 206 1130 νος
230 1067 428 1146 Καρχηδονίων
452 1067 532 1127 ἐόντα
552 1068 689 1143 βασιλέα·
719 1066 789 1125 κατὰ
811 1067 911 1144 ξεινίην
931 1095 961 1128 τε

159 1155 211 1232 τήν
224 1159 325 1215 ἑωυτοῦ
340 1155 356 1215 ό
374 1155 515 1234 Τήριλλος
530 1155 701 1237 α’ναγνόσας,
716 1156 761 1216 καὶ
774 1155 902 1232 μάλιστα
915 1157 961 1215 διὰ

158 1244 210 1319 τήν
225 1243 377 1314 Ἀναξίλεω
395 1248 446 1304 τοῦ
464 1245 607 1321 Κρητίνεω
622 1245 787 1320 προθυμίην,
801 1243 832 1306 ὃς
848 1244 961 1326 Ῥηγίου

159 1333 210 1393 έιῦν
223 1332 408 1410 τύραννος,τᾶ
422 1337 523 1392 ἑωυτοῦ
535 1334 617 1392 τέκνα
630 1333 693 1395 δούς
705 1332 826 1410 ὁμήρους
837 1331 960 1412 Ἀμίλκᾳ

158 1423 248 1503 ε’πῆγέ
265 1448 314 1499 μιν
331 1423 376 1480 ἐπὶ
391 1422 443 1497 τήν
459 1422 597 1496 Σικελίην,
613 1422 751 1497 τιμωρέων
769 1425 808 1500 τῷ
827 1423 958 1502 πενθερῷ·

158 1511 303 1586 Τηρίλλου
321 1509 376 1591 γαὶρ
396 1507 461 1588 εἶχε
471 1510 609 1590 θυγατέρα
624 1509 790 1579 Ἀναξίλεως
805 1514 841 1589 τῇ
854 1510 959 1589 οὔνομα

158 1595 193 1673 ἦν
206 1599 348 1673 Κυδίππη·
363 1596 433 1656 οὕτω
447 1595 481 1672 δή
495 1597 545 1655 οῦκ
558 1596 618 1656 οἶόν
629 1624 660 1657 τε
669 1597 818 1678 γενόμενον
828 1601 959 1674 βοηθέειν

157 1683 207 1744 τόν
224 1687 336 1745 Γέλωνα
355 1687 431 1744 τοῖσι
444 1683 581 1762 Ἕλλησι,
595 1683 772 1764 οἷποπέμπειν
785 1691 812 1748 ἐς
827 1687 958 1764 Δελφούς

112 1773 213 1833 166τᾶ
226 1774 366 1852 χρήματα,
399 1773 478 1850 Πρός
490 1775 520 1834 δὲ
533 1775 578 1834 καὶ
591 1776 656 1834 τάδε
666 1777 792 1856 λέγουσι,
804 1775 839 1838 οἷς
849 1778 957 1854 συνέβη

157 1865 207 1936 τῆς
234 1860 319 1938 αὐτῆς
343 1861 449 1939 ήμέρης
475 1864 503 1924 ἔν
525 1890 557 1924 τε
578 1869 614 1942 τῇ
638 1865 886 1943 ΣικελίηΓέλωνα
910 1868 957 1924 καὶ

156 1948 273 2026 Θήρωνα
296 1954 374 2010 νικᾶν
399 1949 538 2027 Ἀμίλκαν
563 1952 612 2012 τόν
636 1953 837 2031 Καρχηδόνιον,
861 1953 905 2011 καὶ
928 1958 957 2012 έν

158 2039 297 2116 Σαλαμῖνι
308 2037 525 2115 τοῦςἜλληνας
537 2040 587 2100 τόν
600 2042 726 2117 Πέρσην·
746 2039 795 2100 τόν
811 2040 840 2098 δὲ
857 2039 956 2117 Ἀμίλ-

157 2151 208 2187 καν
230 2127 424 2207 Καρχηδόνιον
447 2128 527 2187 ε’όντα
548 2128 619 2205 πρδς
639 2128 744 2204 πατρὸς
764 2128 903 2205 μητρόθεν
925 2127 956 2190 δὲ

157 2217 356 2292 Συρηκούσιον,
382 2215 597 2292 βασιλεύσαντά
626 2243 657 2276 τε
684 2216 742 2275 κατ’
769 2215 956 2297 ἀνδραγαθίην

157 2305 363 2383 Καρχηδονίων,
392 2304 427 2366 ὦς
452 2303 471 2378 ή
498 2303 636 2380 συμβολή
660 2331 692 2364 τε
717 2305 822 2385 ε’γίνετο
849 2306 894 2364 καὶ
920 2306 957 2370 (ῦς

157 2395 278 2451 ἑσσοῦτο
298 2395 334 2470 τῇ
357 2391 444 2469 μάχῃ,
466 2391 657 2468 ἀφανισθῆναι
680 2393 864 2471 πυνθάνομαι·
892 2393 955 2455 οῦτε

154 2480 210 2560 γὰρ
230 2482 318 2550 ζῶντα
338 2479 401 2538 οῦτε
420 2478 597 2540 ἀποθανόντα
617 2486 738 2557 φανῆναι
758 2481 881 2559 οὐδαμοῦ
892 2486 955 2563 γής·

110 2567 208 2628 167τὸ
229 2572 286 2627 πᾶν
300 2569 356 2648 γάρ
376 2569 533 2638 ἐπεξελθεῖν
551 2570 695 2646 διζήμενον
710 2573 832 2631 Γέλωνα.
869 2570 956 2632 Ἔστι

155 2655 186 2715 δὲ
205 2654 251 2715 εἶπ’
271 2655 360 2716 αὐτῶν
380 2657 580 2736 Καρχηδονίων
600 2657 646 2718 ὅδε
666 2658 682 2717 ό
702 2659 787 2739 λόγος
803 2658 956 2740 λεγόμενος

156 2743 240 2804 εἰκότι
253 2745 422 2822 χρεωμένων,
431 2742 466 2808 οἷς
480 2749 506 2804 οἱ
519 2749 570 2823 μὲν
582 2745 728 2823 βάρβαροι
741 2752 818 2806 τοῖσι
825 2746 955 2824 Ἕλλησι

156 2837 186 2892 έν
208 2836 244 2911 τῇ
268 2835 382 2913 Σικελίῃ
404 2833 542 2912 ἐμάχοντο
563 2835 594 2903 ἐξ
613 2834 680 2910 ήοῦς
702 2834 851 2910 α’ρξόμενοι
870 2836 955 2915 μέχρι

155 2919 249 2997 δείλης
273 2920 364 2999 ὀψίης·
385 2922 443 3000 (ἐπὶ
468 2927 590 2981 τοσοῦτο
614 2921 670 3002 γάρ
697 2922 809 3002 λέγεται
837 2923 955 2984 ἑλκύσαι

154 3008 205 3085 τήν
226 3009 389 3089 σύστασιν)
411 3008 427 3068 ὁ
448 3009 478 3067 δὲ
495 3009 632 3084 Ἀμίλκας
653 3015 682 3068 ε’ν
703 3009 791 3089 τούτῳ
807 3014 848 3090 τῷ
862 3011 955 3092 χρόνῳ

154 3099 242 3173 μένων
264 3104 293 3158 έν
315 3102 353 3177 τῷ
376 3097 555 3174 στρατοπέδῳ
577 3096 671 3156 ε’θύετο
694 3099 739 3155 καὶ
766 3099 953 3176 ε’καλλιρέεπο,

155 3186 200 3243 ε’πὶ
213 3190 303 3263 πυρῆς
318 3185 444 3266 μεγάλης
461 3182 579 3259 σεύματα
597 3184 651 3243 ὅλα
668 3185 828 3265 καταγίζων,
843 3187 905 3246 ἶδιῦν
923 3188 954 3247 δὲ

153 3273 260 3349 τροπήν
274 3276 330 3332 τῶν
345 3275 445 3330 ἑωυτοῦ
461 3271 616 3351 γινομένην,
634 3272 669 3335 οἷς
685 3275 763 3351 ἔτυχε
780 3274 954 3333 ἐπισπένδων

153 3364 229 3420 τοῖσι
247 3363 342 3438 ἱροῖσι,
357 3358 412 3418 ὦσε
431 3357 531 3418 ἑωυτόν
548 3365 576 3421 ἐς
591 3360 623 3418 τὸ
639 3365 703 3435 πῦρ·
729 3360 798 3418 οὕτω
817 3360 850 3434 δή
870 3387 952 3420 κατα-
