2276 3538
191 134 221 179 88
494 133 675 182 Ἧνοιοτοι
928 131 988 192 [νς.

190 211 258 286 δίην,
286 211 404 288 νεώτερα
435 212 561 290 ἔπρησσε
587 212 739 292 πρήγματα
766 210 901 273 συνιστὰς
927 210 992 273 τούς

190 297 328 375 Ἀρκάδας
351 300 397 358 ε’πὶ
417 305 452 379 τῇ
475 301 598 378 Σπάρτη,
619 299 724 362 ἄλλους
740 325 771 358 τε
789 299 992 376 ὄρκουςιπροσ-

190 385 264 466 άγων
296 395 360 464 σφι,
387 388 406 464 ἦ
433 390 490 465 μην
524 389 645 466 ἔψεσθαί
674 395 765 463 σφεας
792 387 865 466 αύτῷ
890 393 926 466 τῇ
956 386 991 446 ἂν

191 475 331 556 ἐξηγῆται,
354 477 400 534 καὶ
421 477 454 552 δη
475 479 521 535 καὶ
540 483 567 539 ἐς
585 476 730 552 Νώνακριν
745 477 830 535 πόλιν
848 476 991 552 πρόθυμος

189 562 225 638 ἦν
234 570 289 624 τῶν
297 565 440 642 Ἀρκάδων
452 565 516 626 τούς
525 567 717 641 προεστεῶτας
726 564 848 644 άγινέων,
861 565 991 640 ἐξορκοῦν

191 651 224 711 τό
250 652 356 733 Στυγός
382 651 464 728 ὕδωρ.
505 651 547 733 [ἐν
567 651 596 710 δὲ
616 651 702 729 ταύτῃ
726 655 762 730 τῇ
783 651 852 710 πόλι
876 653 990 733 λέγεται

191 739 260 799 εἶναι
281 739 325 798 ὑπ’
342 739 484 816 Ἀρκάδων
504 741 536 799 τό
559 739 665 820 Στυγός
688 739 781 821 ὕδωρ]
823 741 868 798 καὶ
889 740 922 815 δὴ
945 743 990 798 καὶ

192 828 253 885 ἔστι
268 827 374 886 τοιόνδε
390 853 426 885 τι·
453 827 525 904 ὕδωρ
542 827 640 908 ὀλίγον
657 827 825 904 φαινόμενον
842 834 871 886 ἐκ
888 829 991 905 πέτρης

191 913 288 984 στάζει
304 919 331 976 ἐς
347 915 440 994 ἄγκος·
463 915 496 975 τό
514 915 543 974 δὲ
561 915 646 996 ἄγκος
663 919 797 992 αἱμασιῆς
813 943 854 978 τις
870 918 990 994 περιθέει

192 1000 302 1065 κύκλος.
331 1002 350 1077 ἡ
365 1003 393 1061 δὲ
404 1003 556 1080 Νώνακρις,
569 1010 597 1063 έν
610 1008 645 1082 τῇ
658 1004 676 1079 ἦ
691 1003 768 1085 πηγὴ
780 1003 849 1079 αὕτη
859 1003 989 1085 τυγχάνει

145 1090 182 1150 75
193 1093 287 1160 ἐοῦσα,
301 1091 384 1154 πόλις
403 1092 464 1150 ε’στὶ
477 1097 527 1168 τῆς
540 1091 687 1169 Ἀρκαδίης
705 1092 774 1168 πρός
788 1096 886 1169 Φενεῷ.
928 1098 990 1150 Μα-

193 1177 287 1242 θόντες
314 1180 343 1238 δὲ
366 1180 580 1258 Λακεδαιμόνιοι
605 1181 767 1256 Κλεομένεα
790 1183 877 1240 ταῦτα
900 1180 990 1258 πρήσ-

192 1294 288 1338 σοντα,
303 1273 425 1350 κατῆγον
439 1269 523 1330 αὐτόν
540 1270 680 1332 δείσαντες
693 1269 738 1326 ε’πὶ
752 1271 829 1327 τοῖσι
843 1270 952 1328 αύτοῖσι
964 1273 990 1332 ἐς

193 1356 325 1434 Σπάρτην
342 1363 419 1418 τοῖσι
439 1359 485 1416 καὶ
503 1359 639 1435 πρότερον
656 1356 735 1434 ἦρχε.
778 1356 947 1415 κατελθόντα
962 1358 991 1415 δὲ

192 1445 276 1505 αὐτόν
290 1446 387 1504 αὐτίκα
405 1445 534 1521 ύπέλαβε
548 1446 633 1521 μανίη
651 1449 752 1506 νοῦσος
766 1444 845 1503 ἐόντα
860 1445 905 1502 καὶ
924 1445 990 1521 πρό-

192 1559 272 1609 τερον
288 1533 525 1613 ὑπομαργότερον
547 1532 615 1595 ὅκως
632 1531 687 1612 γάρ
700 1558 752 1610 τεῳ
772 1532 881 1610 ἐντύχοι
899 1535 991 1608 Σπαρ-

193 1622 314 1694 τιητέων,
338 1622 466 1698 ἐνέχραυε
489 1625 516 1682 ε’ς
538 1620 572 1680 τά
594 1619 757 1698 πρόσωπον·
775 1621 807 1680 τό
837 1624 990 1697 σκῆπτρον·

193 1713 323 1768 ποιεῦντα
334 1710 362 1767 δὲ
374 1707 457 1768 αύτὸν
466 1713 554 1768 ταῦτα’
565 1709 610 1768 καὶ
621 1710 881 1786 παραφρονήσαντα
889 1709 991 1784 ἔδησαν

194 1801 220 1855 οἱ
236 1797 424 1875 προσήκοντες
446 1802 474 1855 ε’ν
494 1797 577 1876 ξύλῳ·
602 1797 617 1857 ὁ
639 1797 668 1856 δὲ
689 1797 775 1860 δεθεὶς
791 1796 841 1856 τόν
860 1796 989 1871 φύλακον

192 1886 367 1962 μουνωθέντα
382 1885 444 1944 ἰδών
457 1890 511 1945 τῶν
521 1885 617 1946 ἄλλων
630 1887 703 1945 αἴτεε
716 1885 865 1964 μάχαιραν,
879 1883 911 1943 ού
924 1887 991 1960 βου-

193 1975 314 2049 λομένου
331 1974 360 2033 δὲ
375 1975 410 2033 τά
428 1979 523 2051 πρῶτα
541 1979 591 2034 τοῦ
608 1975 737 2050 φυλάκου
752 1973 864 2041 διδόναι,
879 1971 992 2032 άπείλεε

192 2061 227 2121 τά
246 2089 294 2140 μιν
315 2062 391 2126 αὖτις
411 2062 548 2138 ποιήσειε·
574 2069 600 2126 ἐς
621 2062 636 2122 δ
657 2063 752 2124 δείσας
771 2061 821 2123 τάς
842 2059 990 2122 οἶπειλοῖςὸ

193 2151 404 2228 φύλακος,-ἧν
423 2153 478 2232 γάρ
498 2157 553 2210 τῶν
571 2179 612 2214 τις
628 2150 881 2219 εἱλωτέων,-διδοῖ
899 2151 925 2207 οἱ
940 2149 992 2224 μα’-

192 2266 302 2319 χαιραν·
318 2242 481 2316 Κλεομένης
499 2240 528 2299 δὲ
545 2238 722 2316 παραλαβών
738 2237 787 2297 τόν
806 2239 930 2315 σίδηρον,
946 2237 992 2314 άρ-

192 2355 259 2406 χετο
273 2333 302 2386 ἐκ
316 2331 371 2387 τῶν
390 2329 513 2403 κνημέων
532 2327 632 2386 ἑωυτόν
645 2325 822 2401 λωβώμενος·
837 2325 992 2402 ἐπιτάμνων

193 2415 248 2495 γάρ
276 2416 346 2475 κατά
373 2421 462 2492 μῆκος
488 2415 539 2476 τάς
566 2413 674 2490 σάρκας
697 2413 853 2489 προύβαινε
880 2419 910 2472 ἐκ
938 2417 993 2471 τῶν

194 2505 316 2579 κνημέων
337 2509 364 2566 ε’ς
379 2503 444 2566 τούς
459 2502 572 2579 μηρούς,
591 2506 620 2558 ἐκ
641 2501 671 2558 δὲ
688 2505 743 2559 τῶν
759 2505 855 2576 μηρῶν
874 2502 900 2562 ἔς
912 2525 943 2558 τε
957 2500 992 2557 τά

194 2593 273 2669 ἰσχία
288 2593 333 2651 καὶ
346 2591 396 2654 τάς
410 2590 548 2666 λαπάρας·
563 2593 590 2648 ἐς
600 2586 615 2646 ὃ
627 2593 654 2648 ε’ς
667 2586 719 2661 τήν
729 2587 854 2666 γαστέρα
867 2585 990 2652 άπίκετο,

195 2681 240 2738 καὶ
261 2680 363 2755 ταύτην
385 2675 593 2754 καταχορδεύων
614 2674 735 2732 ἀπέθανε
753 2673 846 2752 τρόπῳ
866 2671 990 2752 τοιούτῳ·

193 2767 229 2830 ὦς
242 2771 293 2843 μὲν
307 2771 333 2826 οἶ
347 2766 452 2824 πολλοὶ
466 2764 584 2842 λέγουσι
597 2759 750 2835 Ἑλλήνων,
765 2759 808 2818 ὅτι
821 2760 872 2836 τήν
883 2762 992 2837 Πυθίην

193 2855 331 2935 άνέγνωοέ
350 2853 385 2910 τά
403 2852 466 2927 περὶ
488 2848 658 2924 Δημάρητον
673 2847 810 2929 γενόμενα
830 2852 932 2931 λέγειν·
957 2851 992 2915 ώς

193 2944 222 3002 δὲ
248 2943 391 3014 Ἀθηναῖοι
418 2941 516 3014 μοῦνοι
543 2938 668 3016 λέγουσι,
695 2937 766 2997 διότι
791 2943 818 3001 ἐς
842 2938 992 2999 Ἐλευσῖνα

193 3028 327 3104 ἐσβαλών
341 3028 425 3103 ἔκειρε
438 3025 470 3086 τό
484 3027 596 3100 τέμενος
605 3029 660 3086 τῶν
671 3027 749 3088 θεῶν·
772 3028 806 3090 ώς
820 3029 848 3087 δὲ
860 3029 991 3109 Ἀργεῖοι,

193 3118 236 3178 ὅτι
256 3117 286 3185 ἐξ
302 3119 362 3192 ἱροῦ
380 3114 470 3173 αὐτῶν
491 3118 541 3173 τοῦ
553 3113 661 3194 Ἀργου
678 3115 812 3198 Ἀργείων
830 3117 894 3180 τούς
910 3141 991 3174 κατα-

193 3203 333 3286 φυγόντας
351 3207 380 3262 ἐκ
396 3206 447 3278 τῆς
463 3202 557 3281 μάχης
578 3205 745 3285 καταγινέων
765 3207 924 3268 κατέκοπτε,
946 3203 990 3262 καὶ

220 3290 340 3314 ἱὶὶἵ

194 3319 261 3352 αυτο
274 3318 307 3351 το
322 3296 413 3354 αλσος
427 3297 455 3352 ε’ν
470 3291 575 3372 ἀλογίῃ
590 3292 659 3371 ἔχων
672 3294 815 3371 ἐνέπρησε.
