2262 3534
159 135 207 188 ιιι
466 131 652 182 ανοαοτοι
888 130 953 199 [ωε.

156 213 345 277 ἐντιιόσεσθαι
364 219 393 278 ἐς
411 211 464 289 τὴν
483 211 618 286 Βοιωτίην
638 210 836 289 προδεδώκατε,
848 213 956 290 ,περιεί-

157 301 219 364 δετέ
237 327 269 364 τε
289 299 454 378 ἐσβαλόντα
474 303 502 362 ἐς
516 297 568 373 τὴν
580 297 710 372 Ἀττικὴν
728 299 779 358 τόν
796 299 954 376 βάρβαρον.

156 397 184 456 ἐς
203 392 255 468 μέν
275 415 323 449 νυν
342 388 376 448 τό
396 387 501 465 παρεόν
512 386 657 462 Ἀθηναῖοι
677 386 743 462 ὑμῖν
763 387 903 463 μηνίουσι·
924 387 957 446 οὐ

155 479 211 560 γάρ
226 478 378 554 ἐποιήσατε
392 475 548 552 ἐπιτηδέως·
562 479 611 534 νῦν
624 475 654 532 δέ
667 474 710 533 δτι
722 474 809 553 τάχος
823 475 957 552 στρατιὴν

155 566 214 645 ἅμα
240 566 308 643 ἡμῖν
330 565 482 624 ἐκέλευσαν
504 562 590 639 ὑμέας
612 563 770 638 ἐκπέμπειν,
796 561 887 626 ὦςδν
904 561 958 623 ,τόν

154 653 307 732 βάρβαρον
333 652 475 728 δεκόμεθα
502 655 531 709 ἐν
556 656 592 728 τῇ
618 650 744 728 Ἀττικῇ·
782 650 877 727 ἐπειδὴ
900 651 957 732 γὰρ

155 741 317 820 ἡμάρτομεν
329 745 379 816 τῆς
393 740 534 814 Βοιωτίης,
547 743 598 814 τῆς
614 763 647 819 γε
662 737 797 814 ἡμετέρης
813 739 957 814 ἐπιτηδειό-

153 829 240 890 τατόν
266 835 328 888 ἐστι
360 827 578 906 ἐμμαχέσασθαι
610 826 644 886 τό
678 826 813 901 Θριάσιον
838 826 957 887 πεδίον.”

127 917 203 980 8Ὡς
221 917 251 976 δέ
270 915 325 994 ἄρα
339 914 465 992 ἥκουσαν
486 919 512 974 οἱ
533 917 632 991 ἔφοροι
651 918 747 982 ταῦτα,
762 913 958 988 ἀνεβάλλοντο

155 1005 252 1082 ἐςτήν
271 1003 422 1082 ὕστεραίην
438 1003 650 1080 όποκρίνασθοι·
671 1006 707 1080 τῇ
727 1003 756 1060 δὲ
774 1002 914 1080 ὑστεραίῃ,
930 1007 958 1068 ἐς

154 1094 206 1170 τὴν
225 1094 328 1171 ἐτέρην.
368 1095 452 1152 τοῦτο
472 1093 517 1150 καὶ
536 1091 582 1149 ἐπὶ
598 1091 665 1149 δέκα
676 1088 912 1167 ἡμέμαςέπυίεον,
927 1093 958 1162 ἐξ

153 1181 259 1260 ἡμέρης
280 1187 307 1244 ἐς
326 1180 433 1258 ἡμέρην
452 1178 692 1254 ἀναβαλλόμενοι·
714 1183 745 1237 ἐν
764 1178 794 1237 δέ
814 1178 901 1258 τούτῳ
919 1187 959 1260 τῷ

154 1269 246 1350 χρόνῳ
257 1269 307 1330 τόν
315 1267 434 1345 Ἰσθμόν
443 1267 573 1346 ἐτείχεον,
583 1266 711 1342 στονδὴν
722 1266 832 1346 ἔχοντες
844 1268 959 1344 πολλὴν

153 1357 255 1421 πάντες
281 1356 520 1430 Πελοποννήσιοι·
558 1355 606 1414 καί
629 1361 686 1430 σφι
712 1354 748 1430 ἦν
774 1354 845 1432 πρός
870 1357 956 1419 τέλεϊ.

155 1445 211 1505 οὐδ’
222 1447 276 1524 ἔχω
290 1445 364 1504 εἶπαι
376 1441 409 1503 τό
422 1443 519 1513 αἴτιον,
530 1443 600 1503 διότι
613 1443 782 1519 ἀπικομένου
795 1445 847 1519 μὲν
859 1442 956 1513 Ἀλεξ-

153 1532 255 1610 άνδρου
266 1537 317 1591 τοῦ
330 1530 492 1594 Μακεδόνος
505 1537 532 1594 ἐς
545 1531 665 1607 Ἀθήνας
686 1531 813 1606 σπουδὴν
826 1531 957 1613 μεγάλην
1060 1551 1063 1556 ·

154 1621 324 1695 ἐποιήσαντο
348 1619 387 1696 μὴ
411 1619 528 1696 μηδίσαι
549 1619 721 1696 Ἀθηναίους,
744 1620 808 1679 τότε
832 1620 862 1678 δέ
885 1619 958 1698 ὥρην

154 1707 326 1784 ἐποιήσαντο
339 1705 479 1783 οὐδεμίαν,
494 1706 568 1765 ἄλλο
587 1733 621 1788 γε
638 1706 656 1783 ἢ
676 1707 719 1766 ὅτι
738 1707 753 1767 ό
771 1707 887 1784 Ἰσθμός
900 1711 958 1784 σφι

154 1796 332 1876 ἐτετείχιστο,
361 1794 407 1854 καὶ
441 1793 550 1854 ἐδόκεον
583 1794 736 1870 Ἀθηναίων
771 1797 810 1854 ἐτι
844 1796 958 1856 δέεσθαι

153 1882 275 1944 οὐδέν·
259 1909 305 1943 οτε
318 1882 376 1942 δέ
361 1911 377 1943 ο
390 1881 605 1960 Ἀλέξανδρος’
587 1882 703 1942 απίκετο
716 1887 745 1946 ἐς
756 1882 808 1958 τὴν
817 1883 956 1958 Ἀττικὴν,

153 1971 225 2033 οὔκω
245 1971 464 2052 ἀπετετείχιστο·
490 1972 638 2053 ἐργάζοντο
659 1971 688 2030 δέ
708 1970 837 2052 μεγάλως
857 1997 956 2090 καταρ-

152 2060 305 2140 ρωδηκότες
317 2087 382 2124 τους
396 2061 521 2137 Πέρσας.

126 2151 163 2210 9
193 2151 281 2214 Τέλος
294 2149 379 2209 δέ
324 2175 394 2225 ,της
405 2175 436 2208 τε
449 2147 613 2256 ηποκρίσιος
626 2173 672 2205 και
662 2129 835 2216 ἐξόδου
796 2173 851 2206 των
863 2149 955 2225 Σπαρ-

152 2239 266 2314 τιητέων
286 2238 396 2319 ἐγένετο
415 2234 518 2312 τρόπος
538 2234 659 2295 τοιόσδε
679 2238 716 2312 τῇ
736 2235 886 2314 προτεραίῃ
905 2237 956 2311 τῆς

153 2325 274 2401 όστάτης
295 2323 485 2386 καταστάσιος
504 2322 668 2401 μελλούσης
692 2323 817 2392 ἐσεσθαι,
842 2324 955 2394 Χίλεος,

154 2411 224 2490 εἶνὴρ
241 2411 387 2493 Τεγεήτης,
406 2409 555 2487 δυνάμενος
579 2416 608 2470 ἐν
629 2410 815 2486 Λακεδαίμονι
832 2409 956 2491 μέγιστα

154 2501 255 2570 ξείνων,
268 2503 324 2559 τῶν
340 2497 448 2575 ἐφόρων
465 2499 582 2558 ἐπίθετο
601 2497 694 2558 πάντα
711 2499 799 2579 λόγον
811 2498 863 2559 τόν
880 2499 955 2574 δὴοέ

153 2587 296 2662 ’Ἀθηναῖοι
317 2587 423 2667 ἐλεγον·
445 2585 568 2648 α’κοόσας
588 2587 618 2646 δέ
638 2586 654 2646 ό
675 2587 781 2650 Χίλεος
802 2588 880 2667 ἐλεγε
901 2585 956 2665 ἄρα

154 2680 211 2752 σφι
231 2673 306 2733 τάδε·
337 2671 434 2732 “οότω
459 2675 523 2752 ἔχει,
547 2673 644 2751 ἅνδρες
666 2678 772 2750 ἔφοροι·
802 2674 956 2750 Ἀθηναίων

153 2762 223 2840 ἡμῖν
236 2761 335 2823 ἐόντων
347 2761 387 2839 μὴ
401 2761 525 2838 ἀρθμίων
537 2767 577 2841 τῷ
590 2763 618 2820 δέ
634 2762 774 2840 βαρβάρῳ
789 2761 955 2841 συμμάχων,

155 2851 254 2928 καίπερ
266 2851 373 2930 τείχεος
383 2850 429 2910 διά
437 2855 487 2910 τοῦ
497 2849 615 2926 Ἰσθμοῦ
627 2850 801 2926 ἐληλαμένου
812 2854 955 2926 καρτεροῦ,

153 2940 276 3020 μεγάλαι
289 2938 432 3002 κλισιάδες
449 2938 654 2999 ἀναπεπτέαται
669 2937 761 3013 ἐς’τὴν
775 2938 956 3014 flamm}-

154 3053 208 3088 σον
232 3032 271 3106 τῷ
291 3028 402 3106 Πέρσῃ.
443 3025 508 3083 ἀλλ’
531 3024 714 3094 ἐσακούσατε,
736 3026 802 3101 πρίν
828 3050 856 3084 τι
879 3024 956 3086 ἄλλο

109 3113 329 3190 1οἈθηναίοισι
346 3115 423 3183 δόξαι
444 3113 568 3187 σφάλμα
587 3113 674 3188 φέρον
687 3116 723 3190 τῇ
735 3112 889 3172 Ἑλλιίδι.”Ι
919 3111 955 3172 ‘0

154 3203 206 3276 μέν
222 3210 278 3277 σφι
296 3206 383 3261 ταῦτα
403 3198 599 3272 συνεβούλευε·
624 3201 651 3257 οἶ
670 3199 699 3256 δέ
718 3200 798 3276 φρενὶ
816 3200 956 3275 λαβόντες

151 3287 205 3347 τόν
216 3288 311 3368 λόγον,
322 3287 432 3356 αὐτίκα,
446 3284 606 3360 φράσαντες
619 3284 697 3344 ου’δέν
713 3290 789 3344 τοῖσι
805 3285 954 3366 ἀγγέλοισι

1 3385 56 3476 l
