2268 3536
123 173 228 238 30-32]
424 173 627 224 τυννικονιι.
893 173 923 219 13

121 255 191 316 νέας·
211 256 312 313 τοῦτον
330 251 367 314 ὧν
384 253 470 312 δοκέω
487 252 538 312 τόν
556 250 642 329 ἄνδρα
662 250 793 328 ποιήσειν
811 253 869 310 τῶν
888 247 923 309 ἂν

121 341 299 421 χρηίζωμεν.”
313 347 401 401 ταῦτα
411 340 581 404 ἀκούσαντες
591 345 618 400 οἱ
628 340 731 410 Νάξιοι
741 340 921 416 προσέθεσαν

120 435 157 509 τῷ
176 428 368 510 Ἀρισταγόρῃ
391 430 533 508 πρήσσειν
555 427 575 508 ᾖ
599 428 710 489 δύναιτο
734 425 847 505 ἄριστα·
875 427 922 484 καὶ

121 517 295 598 ὑπίσχεσθαι
308 519 382 595 δῶρα
397 520 525 578 ε’κέλευον
543 519 589 576 καὶ
604 517 730 592 δαπάνην
743 521 778 595 τῇ
792 520 920 594 στρατιῇ,

121 605 155 670 οἷς
167 606 247 666 αὐτοὶ
260 607 448 670 διαλύσοντες·
470 607 585 669 ἐλπίδας
597 604 710 668 πολλάς
723 605 840 682 ἔχοντες,
855 602 923 662 ὅταν

112 697 291 771 ἐπιφανέωσι
305 701 332 758 ές
344 695 397 770 τήν
410 695 507 765 Νάξον
520 694 612 754 πάντα
625 691 754 768 ποιήσειν
767 690 832 754 τούς
845 691 920 760 Ναξ-

114 777 229 846 1ιὀυςτοὶ
247 783 282 844 ἂν
300 783 379 844 αὐτοὶ
399 783 541 852 κελεύωσι,
561 781 596 846 ὣς
616 782 646 842 δὲ
667 782 712 840 καὶ
730 780 795 844 τούς
816 779 921 842 ἄλλους

119 872 265 948 νησιώτας·
288 871 417 953 τῶνγὰρ
438 872 530 948 νήσων
549 871 668 930 τουτέων
687 873 743 930 τῶν
765 867 921 928 Κυκλάδων

119 957 232 1038 οὖδεμία
246 987 283 1020 κω
297 960 331 1036 ἦν
344 960 399 1020 άπὸ
413 961 531 1039 Δαρείῳ.

157 1047 165 1066 ‚
251 1047 259 1067 ι
370 1051 378 1070 ε
399 1047 424 1066 «ι
562 1047 570 1069 t
636 1052 644 1072 ‚
695 1047 702 1068 ι
766 1046 773 1068 ι
869 1047 878 1068 ι

166 1055 342 1124 Απικομενος
352 1048 380 1106 δε
391 1075 406 1107 ο
425 1054 621 1128 Αρισταγορης
631 1073 659 1109 ες
668 1073 718 1109 τας
732 1045 833 1123 Σαρδις
842 1050 919 1126 λεγει
928 1047 964 1104 31

120 1134 189 1212 πρός
203 1135 254 1194 τόν
265 1135 464 1211 Ἀρταφέρνεα,
479 1135 514 1198 ὥς
535 1135 628 1204 Νάξος
645 1135 686 1209 εἴη
700 1138 786 1209 νῆσος
801 1133 919 1214 μεγάθεϊ

121 1222 172 1295 μὲν
190 1220 223 1279 οὗ
244 1221 363 1300 μεγάλη,
383 1221 476 1283 άλλως
497 1222 527 1280 δὲ
548 1221 623 1296 καλή
643 1247 674 1280 τε
695 1221 741 1278 καὶ
758 1219 851 1300 α’γαθή
873 1221 918 1278 καὶ

121 1305 213 1387 α’γχοῦ
225 1307 337 1384 Ἰωνίης,
347 1307 478 1386 χρήματα
488 1308 517 1366 δὲ
528 1309 566 1366 ένι
575 1307 681 1378 πολλά,
695 1309 740 1364 καὶ
750 1306 917 1382 ἀνδράποδα.

121 1407 138 1430 “
147 1395 185 1455 σι)
200 1394 237 1456 ὧν
251 1395 296 1454 ἐπὶ
309 1395 412 1470 ταύτην
421 1394 472 1470 τήν
483 1393 578 1473 χεόμην
588 1394 778 1470 στρατηλάτεε
792 1394 919 1473 κατάγων

120 1489 147 1547 ές
169 1483 257 1560 αὐτήν
278 1484 344 1546 τούς
367 1481 494 1564 φυγάδας
518 1481 550 1552 ἐξ
572 1481 666 1558 αὐτῆς·
694 1483 740 1541 καὶ
763 1484 807 1542 τοὶ
830 1488 918 1543 ταῦτα

119 1571 269 1649 ποιήσαντι
281 1576 364 1631 τοῦτο
380 1573 432 1649 μέν
445 1576 505 1630 ε’στι
520 1574 619 1648 ἑτοῖμα
632 1570 697 1649 παρ’
712 1571 774 1648 ε’μοὶ
786 1571 918 1650 χρήματα

118 1654 230 1742 μεγάλα
261 1659 351 1736 πάρεξ
379 1663 435 1720 τῶν
464 1658 697 1736 ἀναισιμωμάτων
723 1663 759 1739 τῇ
788 1666 917 1740 στρατιῇ·

120 1747 217 1827 (ταῦτα
229 1751 281 1824 μὲν
289 1747 344 1828 γάρ
355 1748 447 1807 δίκαια
459 1747 547 1824 ήμέας
556 1748 621 1811 τούς
634 1747 752 1829 ἄγοντας
762 1749 917 1829 παρέχειν)

119 1838 201 1895 τοῦτο
209 1837 238 1896 δὲ
245 1836 347 1912 νήσους
354 1836 548 1913 προσκτήσεαι
556 1837 678 1911 βασιλέϊ
687 1835 774 1913 αὐτήν
780 1863 811 1896 τε
819 1837 917 1906 Νάξον

119 1925 166 1983 καὶ
178 1923 228 1988 τάς
241 1929 271 1983 ἐκ
285 1924 386 2000 ταύτης
398 1924 562 2001 ἠρτημένας,
577 1924 676 2001 Πάρον
688 1951 719 1984 τε
736 1925 782 1983 καὶ
796 1923 929 2002 Ἀνδραν.

119 2013 165 2070 καὶ
185 2011 283 2083 άλλας,
301 2012 351 2075 τάς
371 2012 521 2076 Κυκλάδας
541 2013 721 2089 καλευμένας·
743 2014 868 2072 ε’νθεῦτεν
887 2013 917 2071 δὲ

118 2099 298 2178 α’ρμεάμενος,
308 2101 439 2164 εὖπετέως
453 2101 601 2176 ἐπιθήσεαι
613 2101 734 2180 Εὐβοίῃ,
745 2100 822 2179 νήσῳ
831 2101 916 2181 μεγά-

116 2192 156 2267 λη
165 2215 196 2248 τε
210 2191 256 2248 καὶ
268 2187 416 2266 εὐδαίμονι,
427 2189 477 2247 οὐκ
488 2188 624 2247 ἐλάσσονι
639 2188 757 2264 Κάπρου
772 2189 817 2246 καὶ
829 2188 917 2264 κάρτα

117 2276 226 2336 εὐπετέϊ
238 2279 389 2355 αἱρεθῆναι.
423 2275 571 2354 ἀποχρῶσι
588 2276 617 2334 δὲ
635 2274 733 2334 ἑκατόν
747 2276 804 2338 νέες
816 2275 918 2340 ταύτας

115 2365 212 2429 πάσας
228 2363 447 2445 χειράσασθαι.”
481 2363 496 2422 ὁ
516 2363 545 2422 δὲ
561 2362 697 2440 α’μείβετο
714 2361 798 2424 αὐτόν
810 2365 915 2424 τοῖσδε·

115 2465 133 2489 “
141 2453 180 2514 σι)
194 2459 222 2518 ές
235 2454 311 2514 οἶκον
323 2452 373 2514 τόν
385 2453 524 2529 βασιλέος
537 2452 673 2532 ἐξηγητής
685 2453 774 2533 γίνεαι
787 2455 916 2536 πρηγμά-

114 2567 170 2602 των
190 2541 309 2624 α’γαθῶν,
327 2543 373 2601 καὶ
392 2545 480 2600 ταῦτα
501 2539 530 2600 εὖ
550 2542 706 2618 παραινέεις
726 2542 818 2602 πάντα
838 2543 917 2619 πλήν

113 2635 170 2691 τῶν
179 2635 247 2691 νεῶν
256 2634 307 2691 τοῦ
320 2629 449 2708 άριθμοΰ·
466 2628 527 2688 άντὶ
541 2629 570 2688 δὲ
581 2629 678 2689 ἑκατόν
688 2635 764 2699 νεῶν,
776 2631 919 2708 διηκόσιαί

113 2745 159 2779 τοι
179 2723 285 2797 ἔτοῖμοι
305 2721 416 2779 ἔσονται
436 2717 495 2795 ἅμα
514 2721 552 2797 τῷ
572 2719 640 2795 έαρι.
682 2717 724 2778 δεῖ
743 2719 773 2778 δὲ
790 2720 916 2780 τούτοισι

113 2809 162 2868 καὶ
179 2808 265 2870 αὐτόν
284 2809 411 2885 βασιλέα
429 2808 595 2868 συνέπαινον
614 2807 769 2888 γίνεσθαι.”
809 2808 843 2868 ‘O
864 2812 915 2887 μὲν
924 2811 962 2868 32

112 2896 149 2972 δή
170 2895 375 2978 Ἀρισταγόρης
395 2895 431 2959 οἷς
449 2899 538 2955 ταῦτα
557 2893 661 2970 ἤκουσε
681 2896 835 2974 περιχαρής
856 2899 915 2968 ε’ὠν,

111 2984 199 3061 α’πήῖε
212 2991 240 3049 ἐς
252 2987 393 3061 Μίλητον·
410 2983 426 3044 ό
439 2984 469 3044 δὲ
481 2983 682 3061 Ἀρταφέρνης,
693 2983 727 3046 ὥς
738 2987 765 3043 οἱ
774 2985 916 3062 πέμψαντι

111 3077 142 3136 ἐς
167 3075 266 3137 Σοῦσα
287 3073 333 3132 καὶ
356 3072 501 3150 ὑπερθέντι
524 3071 560 3131 τά
585 3077 614 3130 ε’κ
637 3076 688 3131 τοῦ
710 3071 916 3150 Ἀρισταγόρεω

109 3159 256 3241 λεγόμενα
278 3161 444 3222 συνέπαινος
471 3160 517 3218 καὶ
543 3157 626 3222 αὐτὸς
653 3163 771 3235 Δαρεῖος
798 3157 917 3233 ἐγένετο,
947 3207 950 3211 .

109 3247 348 3326 παρεσκευάσατο
367 3250 419 3324 μὲν
439 3247 583 3326 διηκοσίας
602 3246 738 3322 τριήρεας,
755 3241 867 3299 πολλὸν
887 3243 917 3300 δὲ

110 3337 203 3416 κάρτα
216 3335 318 3413 ὅμιλον
328 3338 462 3408 Περσέων
475 3363 504 3397 τε
520 3335 563 3392 καὶ
577 3337 631 3391 τῶν
645 3330 741 3388 ἄλλων
750 3327 915 3404 συμμάχων·

122 3421 147 3466 Π
157 3426 208 3469 —2
