2278 3538
174 148 220 193 τις
477 143 660 192 «Ηνοιοτος
897 143 971 208 [vn

109 227 181 284 ’153
230 224 278 287 Ἐς
295 223 325 283 δὲ
340 223 391 298 τήν
412 223 543 298 Σικελίην
564 222 649 281 ἄλλοι
665 246 696 280 τε
716 219 835 280 ἀπίκατο
855 219 974 302 ἄγγελοι

170 311 227 370 α’πό
243 315 298 371 τῶν
312 310 468 388 συμμάχων
482 310 667 386 συμμίξοντες
686 309 799 378 Γέλωνι,
815 309 860 366 καί
879 309 973 385 δήκαὶ

170 399 226 460 άπό
243 405 297 459 τῶν
314 399 538 475 Λακεδαιμονίων
556 397 690 477 Σύαγρος.
731 401 781 456 τοῦ
800 397 829 455 δὲ
848 398 972 463 Γέλωνος

170 489 269 549 τούτου
287 487 433 569 πρόγονος,
454 485 571 561 οἰκήτωρ
592 485 643 544 εὀἱν
662 486 760 560 Γέλης,
778 483 813 560 ἦν
832 490 863 544 ἐκ
883 486 973 563 νήσου

170 577 265 652 Τήλου
291 581 342 652 τῆς
368 577 414 634 ἐπὶ
441 575 562 652 Τριοπίῳ
590 573 724 649 κειμένης·
755 571 785 635 ὃς
813 576 973 652 κτιζομένης

170 667 260 742 Γέλης
272 666 327 724 ύπό
338 664 455 724 Λινδίων
464 688 495 721 τε
508 665 562 720 τῶν
573 667 602 720 ἐκ
616 660 714 720 Ῥόδου
729 661 774 719 καὶ
787 660 971 740 Ἀντιφήμου,

171 755 219 812 οὐκ
238 754 365 828 ἐλείφθη·
387 750 440 810 dmi
456 749 558 829 χρόνον
576 749 606 808 δὲ
625 748 710 808 αὐτοῦ
729 753 757 808 οἱ
776 749 911 830 άπόγονοι
928 778 972 832 γε·

170 842 279 918 νόμενοι
291 839 438 918 ἱροφάνται
451 843 505 897 τῶν
518 838 636 916 χθονίων
647 839 716 897 θεῶν
727 837 864 897 διετέλεον
872 838 971 913 ἐόντες,

170 933 292 1005 Τηλίνεω
311 929 370 991 ένός
388 953 434 987 τευ
453 932 507 987 τῶν
525 927 669 1008 προγόνων
687 928 864 1003 κτησαμένου
879 928 973 1009 τρόπῳ

169 1019 273 1096 τοιῷδε·
295 1024 322 1081 ἐς
343 1016 510 1092 Μακτώριον
526 1015 611 1074 πόλιν
627 1015 679 1090 τήν
699 1015 768 1091 ὑπὲρ
788 1016 877 1091 Γέλης
898 1021 972 1094 οἰκη-

169 1108 254 1182 μένην
278 1108 383 1187 έφυγον
406 1104 500 1181 ἄνδρες
527 1102 652 1172 Γελοίων,
678 1104 847 1167 ἑσσωθέντες
874 1105 971 1165 στάσν

168 1193 283 1257 τούτους
296 1193 333 1253 ὦν
345 1192 362 1252 ό
376 1194 495 1269 Τηλίνης
509 1191 649 1272 κατήγαγε
664 1197 690 1253 ἐς
704 1193 805 1267 Γέλην,
818 1194 887 1271 ἔχων
897 1193 972 1253 ούδε-

169 1285 236 1360 μίαν
261 1283 367 1359 ἀνδρῶν
390 1281 504 1357 δύναμιν
528 1279 593 1338 ἀλλ’
616 1279 661 1356 ἱρά
684 1279 788 1339 τούτων
811 1284 866 1339 τῶν
892 1283 971 1341 θεῶν·

170 1371 233 1432 ὅθεν
253 1372 283 1430 δὲ
306 1369 376 1430 αύτά
397 1372 484 1445 ἔλαβε
505 1366 523 1444 ἢ
544 1367 626 1431 αύτός
651 1367 797 1442 ἐκτήσατο,
818 1373 901 1429 τοῦτο
922 1369 971 1430 ούκ

170 1461 224 1538 ἔχω
245 1463 339 1520 εἰπεῖν·
366 1458 491 1517 τούτοισι
512 1455 534 1514 δ’
556 1455 593 1516 ὧν
613 1457 730 1519 πίσυνος
750 1457 809 1526 εὀἰν,
831 1457 971 1540 κατήγαγε

170 1547 213 1607 ἐπ’
234 1546 256 1627 ᾧ
278 1572 310 1606 τε
334 1549 361 1605 οἱ
384 1545 518 1625 ἀπόγονοι
541 1543 626 1603 αύτοῦ
651 1543 799 1621 ἱροφάνται
823 1549 878 1605 τῶν
902 1547 971 1607 θεῶν

171 1637 290 1695 ἔσονται.
333 1633 413 1710 θῶμά
432 1659 481 1710 μοι
501 1631 537 1692 ὧν
558 1633 603 1690 καὶ
623 1636 708 1692 τοῦτο
727 1634 825 1714 γέγονε
845 1634 916 1712 πρός
935 1639 971 1696 τά

170 1723 344 1799 πυνθάνομαι
358 1720 586 1802 κατεργάσασθαι
599 1721 721 1796 Τηλίνην
732 1723 812 1803 ἔργον
822 1728 969 1784 τοσοῦτον·

169 1811 205 1872 τά
225 1815 341 1870 τοιαῦτα
361 1809 415 1891 γάρ
437 1811 504 1890 ἔργα
525 1809 557 1868 ού
574 1810 644 1886 πρός
663 1814 713 1869 τοῦ
731 1809 853 1874 ἅπαντας
872 1810 971 1889 άνδρός

170 1900 299 1977 νενόμικα
315 1899 452 1980 γίνεσθαι,
466 1896 543 1956 άλλιί
559 1897 629 1975 πρός
646 1902 739 1977 ψυχῆς
753 1925 784 1958 τε
802 1898 909 1980 ἀγαθῆς
925 1902 971 1959 καί

169 1989 262 2066 ῥώμης
275 1987 412 2065 α’νδρηίης·
429 1985 445 2046 ό
460 1986 489 2045 δὲ
502 1987 614 2066 λέγεται
627 1987 697 2063 πρός
710 1991 761 2061 ταῖς
775 1989 903 2063 Σικελίης
915 1991 971 2048 τῶν

169 2077 318 2154 οἰκητόρων
328 2077 363 2136 τοὶ
376 2076 524 2136 ὑπεναντία
534 2075 644 2144 τούτων,
656 2077 809 2150 πεφυκέναι
821 2075 971 2154 θηλυδρίης

168 2193 199 2228 τε
220 2167 265 2226 καί
285 2166 481 2244 μαλακώτερος
502 2162 581 2238 α’νήρ·
603 2162 674 2222 οὕτω
693 2164 745 2240 μέν
764 2191 812 2224 νυν
833 2165 971 2240 ἐκτήσατο

124 2257 179 2315 154
189 2261 273 2316 τοῦτο
289 2255 321 2314 τό
339 2256 430 2334 γέρας·
453 2251 615 2327 Κλεάνδρου
631 2252 660 2310 δέ
676 2255 726 2311 τοῦ
748 2252 910 2330 Παντάρεος
928 2280 970 2314 τε·

169 2344 357 2420 λευτήσαντος
380 2341 430 2401 τόν
452 2341 526 2416 βίον,
552 2339 582 2402 ὃς
604 2339 782 2417 ἐτυράννευσε
805 2343 857 2418 μὲν
881 2343 971 2418 Γέλης

170 2431 239 2491 έπτιί
254 2433 315 2490 ἔτεα
328 2429 448 2489 άπέθανε
459 2428 487 2486 δὲ
498 2427 552 2486 ύπδ
568 2428 723 2504 Σαβύλλου
737 2427 836 2504 ἀνδρός
849 2429 969 2496 Γελκόου,

170 2521 288 2580 ἐνθαῦτα
307 2515 503 2594 ἀναλαμβάνει
520 2515 571 2592 τήν
588 2517 760 2594 μουναρχίην
775 2515 970 2594 Ἱπποκράτης,

171 2606 333 2683 Κλεάνδρου
354 2604 404 2665 ἐιιίν
424 2604 571 2680 ἀδελφεός·
593 2605 704 2682 ἔχοντος
724 2603 754 2662 δὲ
773 2603 972 2680 Ἱπποκράτεος

169 2695 220 2771 τήν
232 2694 387 2772 τυραννίδα,
402 2693 417 2753 ὁ
434 2693 536 2776 Γέλων,
551 2693 601 2752 εὀἰν
614 2692 736 2768 Τηλίνεω
754 2696 803 2751 τοῦ
817 2692 971 2768 ἱροφάντεω

170 2782 315 2860 ἀπόγονος,
330 2785 446 2841 πολλῶν
461 2780 520 2857 μετ’
534 2779 630 2856 ἄλλων
648 2780 694 2838 καὶ
712 2778 903 2856 Αἰνησιδήμου
920 2785 971 2842 τοῦ

171 2875 314 2931 Παταΐκοῦ
325 2869 355 2932 ὃς
364 2869 399 2945 ἦν
409 2869 564 2946 δορυφόρος
576 2867 774 2942 Ἱπποκράτεος
787 2913 888 2928 .....
899 2870 971 2946 μετὰ

170 2959 200 3018 δὲ
213 2958 245 3018 ού
260 2959 371 3018 πολλόν
384 2957 485 3036 χρόνον
499 2955 531 3015 δι’
545 2954 646 3032 αἱρετήν
659 2954 800 3034 ἀπεδέχθη
813 2956 908 3033 πάσης
921 2963 971 3034 τῆς

172 3048 258 3108 ἰππου
282 3047 350 3106 εἶναι
373 3047 521 3121 ἵππαρχος.
563 3043 777 3119 πολιορκέοντος
800 3045 855 3125 γάρ
876 3045 971 3105 Ἱππο·

171 3135 283 3212 κράτεος
311 3133 526 3193 Καλλιπολίτας
551 3156 583 3189 τε
605 3131 650 3188 καὶ
674 3131 804 3202 Ναξίους,
830 3133 876 3191 καί
899 3139 971 3215 Ζαγ·

170 3225 283 3286 κλαίους
302 3248 334 3281 τε
355 3221 400 3278 καί
417 3219 585 3287 Λεοντίνους,
603 3217 649 3274 καὶ
667 3216 746 3294 πρός,
766 3221 971 3298 Συρηκουσίους

170 3336 201 3369 τε
224 3311 270 3367 καὶ
292 3313 347 3368 τῶν
370 3304 525 3382 βαρβάρων
546 3304 675 3381 συχνούς,
697 3304 767 3381 α’νήρ
788 3309 918 3382 ἐφαίνετο
942 3314 971 3368 ἐν
