2276 3538
214 149 243 192 οτι
507 138 689 188 ἨΡΟΔΟΤΟΤ
950 131 1009 194 [vl.

213 220 386 296 προπλώσας
399 219 448 278 οὐκ
463 220 494 277 ἔα
508 219 558 280 πῶς
578 218 640 278 νέας
655 213 726 290 πρός
745 214 797 289 τήν
816 217 905 288 νῆσον
922 239 1011 289 προσ·

213 310 384 385 ορμίζεσθαι,
410 306 487 364 ἀλλὰ
514 307 601 381 πέρην
625 309 653 364 ἐν
677 307 712 381 τῇ
734 302 847 379 Ῥηνέῃ·
875 300 956 364 αὐτός
983 304 1012 362 δὲ

213 397 367 473 πυθόμενος
382 397 426 454 ἶνα
439 394 513 471 ἦσαν
527 398 553 452 οἱ
568 393 677 468 Δήλιοι,
693 393 808 466 πέμπων
822 390 926 466 κήρυκα
946 390 1012 470 ήγό-

212 485 276 562 ρευέ
293 491 348 560 σφι
367 483 441 542 τόδε·
464 481 584 558 ’ὄῶνδρες
603 481 665 556 ἱροὶ,
684 481 713 538 τί
732 478 881 559 φεύγοντες
898 479 1012 557 οἴχεσθε

214 573 263 632 οὐκ
282 572 411 648 ἐπιτηδέα
433 569 614 650 καταγνόντες
636 568 694 627 κατ’
714 571 795 643 ἐμεΰ;
818 566 872 646 έγῶ
890 565 945 647 γαρ
966 569 1011 626 καὶ

213 661 294 724 αὐτός
308 661 353 719 ἐπὶ
366 657 487 718 τοσοῦτό
505 683 537 737 γε
554 658 670 732 φρονέω,
686 657 734 714 καί
751 681 801 731 μοι
822 660 851 714 ἐκ
872 657 1012 731 βασιλέος

213 747 264 808 ῶδε
278 750 456 815 ἐπέσταλται,
470 751 498 804 ἐν
511 743 529 824 ᾖ
544 745 620 823 χῶρῃ
635 748 661 803 οἱ
675 744 723 804 δύο
738 744 796 803 θεοὶ
811 745 935 823 ἐγένοντο
949 745 1011 804 ταύ-

212 864 263 911 την
283 837 369 913 μηδὲν
389 835 526 902 σίνεσθαι,
548 833 618 910 μήτε
641 833 727 908 αὐτὴν
748 832 799 907 τήν
823 832 916 909 χώρην
940 833 1011 908 μήτε

212 923 276 986 τούς
301 923 444 999 οἰκήτορας
468 922 561 997 αὐτῆς,
603 927 651 981 νῦν
674 920 710 980 ῶν
734 921 779 980 καὶ
803 919 883 979 ἄπιτε
909 923 953 980 ἐπὶ
976 923 1011 982 τῶ

214 1012 332 1088 ὑμέτερα
346 1011 436 1070 αὐτῶν
450 1011 495 1069 καὶ
508 1012 559 1086 τήν
572 1015 660 1086 νῆσον
674 1007 819 1086 νέμεσθε.”
859 1013 947 1070 ταῦτα
959 1013 1012 1086 μέν

213 1099 450 1176 ἐπεκηρυκεύσατο
463 1103 540 1158 τοῖσι
551 1101 695 1174 Δηλίοισι·
716 1099 787 1173 μετὰ
801 1098 837 1170 δὲ,
852 1099 1011 1172 λιβανωτοῦ

211 1187 359 1265 τριηκόσια
377 1187 503 1247 τάλαντα
522 1187 680 1262 κατανήσας
698 1187 744 1244 ἐπὶ
761 1191 811 1245 τοῦ
830 1187 930 1262 βωμοῦ
951 1188 1010 1246 ἐθυ-

165 1279 202 1336 98
210 1279 306 1354 μίησε.
349 1281 437 1339 Δᾶτις
459 1280 511 1353 μὲν
534 1277 567 1352 δή
592 1280 680 1335 ταῦτα
704 1274 826 1350 ποιήσας
850 1276 932 1333 ἔπλεε
952 1275 1012 1352 ἅμα

210 1371 248 1445 τῷ
267 1369 378 1445 στρατῶ
395 1367 440 1424 ἐπὶ
457 1365 508 1440 τήν
521 1365 664 1441 Ἐρέτριαν
683 1367 788 1440 πρῶτα,
802 1361 861 1438 ἅμα
876 1361 1012 1443 ἀγόμενος

212 1456 257 1512 καὶ
271 1454 369 1516 Ἴωνας
391 1455 437 1511 καὶ
458 1454 586 1515 Αἰολέας,
628 1451 699 1528 μετιὶ
720 1451 749 1510 δὲ
769 1455 868 1510 τοῦτον
888 1453 1013 1512 ἐνθεῦτεν

211 1543 405 1620 ἐξαναχθέντα,
428 1544 525 1614 Δῆλος
544 1539 662 1615 ἐκινήθη,
685 1538 720 1603 ὦς
739 1541 836 1620 ἔλεγον
854 1543 880 1598 οἱ
900 1539 1010 1615 Δήλιοι,

212 1631 257 1687 καὶ
278 1633 374 1706 πρῶτα
395 1629 441 1686 καὶ
461 1627 569 1687 ὕστατα
583 1627 678 1708 [μέχρι
693 1631 758 1704 ἐμεῦ
772 1627 943 1708 σεισθεῖσα]·
966 1631 1011 1688 καὶ

210 1721 294 1776 τοῦτο
317 1717 369 1794 μέν
396 1743 445 1776 κου
472 1717 553 1793 τέρας
577 1715 749 1792 ἀνθρώποισι
773 1720 827 1775 τῶν
850 1715 1012 1792 μελλόντων

212 1806 328 1864 ἔσεσθαι
349 1809 439 1863 κακῶν
460 1806 545 1883 ἔφηνε
559 1804 574 1863 ὁ
589 1805 660 1866 θεός·
683 1806 728 1863 ἐπὶ
747 1803 801 1884 γὰρ
821 1808 947 1879 Δαρείου.
962 1810 1012 1864 τοῦ

209 1893 388 1956 Ὑστάσπεος
408 1894 453 1952 καὶ
467 1894 575 1971 Ξέρξεω
595 1897 644 1951 τοῦ
660 1894 779 1969 Δαρείου
800 1893 846 1950 καὶ
866 1890 1012 1970 Ἀρταξέρ-

211 1981 262 2050 ξεω
288 1986 338 2041 τοῦ
364 1982 480 2059 Ξέρξεω,
508 1984 591 2057 τριῶν
618 1981 735 2039 τουτέων
764 1981 862 2055 ἐπεξῆς
889 1981 1011 2059 γενεέων,

212 2071 319 2150 ἐγένετο
338 2072 415 2129 πλέω
435 2070 506 2130 κακῶ
523 2073 559 2147 τῇ
579 2067 730 2144 Ἑλλάδιῆ
752 2070 797 2127 ἐπὶ
816 2069 904 2128 εἴκοσι
921 2068 1012 2134 ἄλλος

209 2158 306 2238 γενεῶς
319 2159 369 2222 τοὶς
381 2159 436 2235 πρό
451 2159 571 2234 Δαρείου
592 2159 751 2238 γενομένας·
772 2157 807 2216 τοὶ
820 2159 872 2232 μὲν
885 2156 941 2217 α’πὸ
957 2163 1012 2218 τῶν

211 2248 344 2323 Περσέων
365 2247 435 2325 αὐτῇ
452 2246 594 2328 γενόμενα,
609 2244 643 2304 τοῖ
659 2245 747 2304 δέἅπ’
761 2243 918 2305 αὐτῶντῶν
933 2273 1011 2322 κορυ-

211 2337 301 2409 φαίων
323 2335 386 2412 περὶ
407 2340 457 2409 τῆς
481 2334 570 2412 ἀρχῆς
593 2333 794 2409 πολεμεόντων.
839 2334 909 2393 οὕτω
933 2333 1012 2394 οὐδὲν

209 2421 244 2497 ἦν
258 2422 346 2484 αἐικές
359 2423 502 2497 κινηθῆναι
516 2426 615 2498 Δῆλον
627 2421 659 2480 τό
674 2422 739 2498 πρὶν
754 2425 858 2480 έοῦσαν
872 2423 1011 2498 ιῖκίνητον·

211 2511 257 2568 καὶ
274 2515 302 2569 ἐν
320 2513 440 2588 χρησμῷ
456 2508 490 2584 ἦν
506 2511 699 2590 γεγραμμένον
715 2508 779 2585 περὶ
797 2508 881 2584 αὐτῆς
898 2507 958 2568 ῶδε·

303 2615 401 2672 Κινήσω
419 2615 458 2661 καὶ
475 2615 560 2672 Δῆλον,
582 2615 691 2672 ἀκίνητόν
707 2631 753 2676 περ
772 2614 864 2662 ἐοῦσαν.

210 2699 323 2758 δύναται
344 2700 373 2758 δὲ
394 2699 464 2758 κατῶ
477 2698 604 2757 Ἑλλάδα
617 2704 756 2778 γλῶσσαν
770 2704 857 2758 ταῦτα
877 2700 913 2759 τῶ
934 2698 1011 2760 οὐνό-

208 2813 292 2863 ματα,
316 2792 435 2865 Δαρεῖος
457 2789 554 2864 ἐρξίης,
577 2787 682 2862 Ξέρξης
703 2787 807 2863 οἷρήῖος,
827 2787 1011 2865 Ἀρταξέρξης

209 2875 296 2955 μέγας
311 2874 415 2952 οἶρήῖος·
438 2876 552 2937 τούτους
565 2878 616 2950 μὲν
630 2875 663 2949 δή
676 2875 741 2937 τούς
753 2877 894 2951 βασιλέας
908 2875 960 2934 ὦδε
977 2875 1010 2936 ἂν

208 2962 297 3037 ὀρθῶς
319 2963 389 3022 κατὰ
410 2967 549 3043 γλῶσσαν
570 2961 621 3036 τήν
643 2964 785 3039 σφετέρην
801 2963 941 3038 Ἕλληνες
963 2989 1010 3022 κα·

209 3051 311 3110 λέοιεν.

163 3141 199 3197 99
251 3142 287 3196 Οἱ
304 3139 334 3197 δέ
350 3137 496 3213 βάρβαροι
514 3135 550 3198 ῶς
566 3135 676 3213 οἶπῇραν
692 3143 722 3196 ἐκ
740 3143 790 3213 τῆς
807 3140 905 3214 Δήλου
921 3167 1010 3216 προσ·

210 3226 293 3303 ἶσχον
318 3224 389 3300 πρός
413 3223 463 3285 τῶς
489 3221 600 3297 νήσους·
622 3226 746 3284 ἐνθεῦτεν
767 3226 797 3283 δὲ
824 3227 960 3303 στρατιήν
979 3255 1010 3287 τε

209 3311 430 3387 παρελάμβανον
452 3309 498 3368 καὶ
519 3309 640 3386 ὁμήρους
661 3314 715 3370 τῶν
736 3313 891 3386 νησιωτέων
909 3313 1010 3377 παῖδας
