2268 3536
144 139 253 204 ιε-ιι]
499 139 610 188 mmo.
916 137 947 187 τι

145 221 216 284 ὅσας
242 219 276 280 ἂν
301 221 438 283 πλείστας
465 219 593 280 δύναιντο
620 218 866 298 καταστρέφεσθαι
891 221 946 278 τῶν

145 309 318 384 Ἑλληνίδων
342 309 455 378 πολίων,
476 312 561 368 τοῦτο
583 310 633 384 μὲν
651 307 684 382 δὴ
700 312 769 386 τῇσι
786 308 870 382 νηυσὶ
892 313 947 365 Θα-

146 396 227 459 σίους
251 396 313 456 οὐδὲ
337 401 432 475 χεῖρας
457 396 686 473 ἀνταειραμένους
710 397 946 473 καταστρέψαντα,

145 489 230 544 τοῦτο
250 485 280 544 δὲ
297 489 335 564 τῷ
352 487 425 564 πεζῷ
438 485 602 547 Μακεδόνας
615 483 686 561 πρδς
698 487 776 542 τοῖσι
788 483 948 562 ύπάρχουσι

146 573 265 636 δούλους
285 572 526 649 προσεκτήσαντο·
550 573 586 632 τοὶ
605 572 661 654 γάρ
683 571 760 635 ε’ντδς
780 570 949 631 Μακεδόνων

146 662 225 721 ἔθνεα
247 661 338 720 πάντα
360 668 416 737 σφι
440 660 474 736 ἦν
496 661 549 738 ἤδη
564 659 712 739 ύποχείρια
731 659 875 741 γεγονότα.
919 664 949 718 ε’κ

145 752 197 825 μὲν
214 749 247 824 δὴ
261 749 359 808 Θάσου
380 749 566 825 διαβαλόντες
586 750 681 826 πέρην,
695 749 750 808 ύπό
768 748 820 823 τὴν
833 746 949 824 ἤπειρον

146 838 307 913 ἐκομίζοντο
327 839 411 916 μέχρι
428 837 574 898 Ἀκάνθου·
597 843 627 896 ε’κ
648 837 678 896 δὲ
690 837 828 897 Ἀκάνθου
845 835 948 913 όρμειό·

145 951 232 1000 μενοι,
257 926 306 986 τόν
326 925 420 985 Ἀθων
444 927 646 1002 περιέβαλλον·
675 925 815 984 ε’πιπεσών
839 925 870 983 δέ
893 931 949 999 σφι

147 1014 331 1088 περιπλέουσι
355 1015 446 1089 βορῆς
473 1013 573 1089 ἄνεμος
596 1015 684 1093 μέγας
706 1039 737 1073 τε
765 1013 811 1071 καὶ
835 1011 947 1088 άπορος,

149 1099 237 1174 κάρτα
256 1101 377 1178 τρηχέως
396 1102 531 1177 περιέσπε
552 1101 656 1175 πλήθεϊ
677 1101 788 1163 πολλάς
809 1105 864 1160 τῶν
882 1105 949 1159 νεῶν

150 1186 301 1262 ἐκβάλλων
318 1187 389 1264 πρδς
408 1188 457 1247 τόν
469 1187 573 1248 Ἀθων·
594 1190 707 1267 λέγεται
718 1188 774 1269 γάρ
789 1189 859 1246 κατὰ
874 1214 948 1264 τριη-

150 1275 248 1336 κοσίας
268 1277 319 1350 μὲν
337 1279 392 1334 τῶν
414 1281 481 1334 νεῶν
498 1276 548 1338 τάς
568 1275 771 1351 διαφθαρείσας
790 1275 867 1343 εἶναι,
880 1275 950 1350 ὑπὲρ

149 1362 179 1420 δὲ
193 1361 242 1420 δύο
255 1363 390 1438 μυριάδας
403 1363 561 1440 ἀνθρώπων.
605 1361 677 1422 ὥστε
694 1363 749 1442 γάρ
767 1363 950 1440 θηριωδεστά-

148 1475 197 1525 της
211 1449 311 1526 ἒούσης
324 1455 374 1526 τῆς
389 1450 539 1526 θαλάσσης
549 1450 650 1527 ταύτης
660 1455 710 1526 της
723 1452 786 1529 περὶ
800 1450 848 1510 τόν
857 1450 951 1511 Ἀθων

149 1541 175 1596 οἱ
188 1541 240 1614 μὲν
252 1537 307 1598 ύπὸ
320 1544 374 1599 τῶν
388 1539 489 1616 θηρίων
508 1539 699 1617 διεφθείροντο
712 1539 908 1616 ἁρπαζόμενοι,
923 1543 950 1598 οἱ

149 1626 178 1684 δὲ
192 1626 262 1703 πρός
274 1627 324 1690 τάς
337 1629 441 1705 πέτρας
459 1627 660 1704 ἀρασσόμενοι,
675 1632 702 1687 οἱ
722 1629 752 1688 δὲ
773 1628 862 1688 αίτῶν
880 1629 950 1688 νέειν

149 1712 199 1772 ούκ
222 1715 378 1789 ε’πιστέατο,
400 1716 445 1774 καὶ
464 1715 534 1776 κατά
556 1721 639 1776 τοῦτο
659 1717 900 1796 διεφθείροντο,οἱ
921 1717 950 1776 δὲ

148 1802 229 1881 ῥίγεϊ.
272 1801 288 1863 ὁ
309 1804 412 1880 μὲνδὴ
432 1805 558 1867 ναυτικάς
579 1805 700 1882 στρατός
720 1805 790 1866 οὕτω
813 1806 949 1882 ἔπρησσε.

149 1892 299 1971 Μαρδονίῳ
313 1893 342 1951 δὲ
356 1894 402 1951 καὶ
415 1897 453 1972 τῷ
465 1895 538 1972 πεζῷ
550 1895 829 1973 στρατοπεδευομένῳ
844 1899 873 1953 ἓν
886 1899 948 1952 Μα-
959 1897 996 1952 45

150 1980 258 2060 κεδονίῃ
282 1981 378 2044 νυκτός
405 1983 510 2062 Βρύγοι
533 1983 650 2059 Θρήϊκες
679 1983 873 2062 ἐπεχείρησαν·
903 1981 950 2039 καί

150 2076 246 2144 σφεων
263 2071 389 2133 πολλούς
402 2070 555 2145 φονεύουσι
574 2075 600 2128 οἱ
613 2071 727 2151 Βρύγοι,
741 2071 902 2146 Μαρδόνιον
921 2069 951 2126 δὲ

150 2156 235 2216 αύτδν
246 2159 459 2234 τρωματίζουσι.
502 2157 534 2216 ού
555 2159 651 2234 μέντοι
673 2158 734 2216 οὐδὲ
757 2157 835 2215 αύτοὶ
854 2156 951 2214 δουλο·

150 2245 238 2321 σύνην
255 2247 388 2326 διέφυγον
402 2246 472 2322 πρός
486 2246 629 2322 Περσέων·
652 2244 684 2304 ού
698 2244 753 2325 γάρ
768 2244 801 2320 δή
815 2243 951 2320 πρότερον

150 2333 295 2410 α’πανέστη
317 2341 346 2393 ε’κ
367 2338 423 2394 τῶν
441 2335 551 2412 χωρέων
569 2335 688 2393 τουτέων
705 2333 871 2410 Μαρδόνιος,
885 2334 951 2411 πρὶν

150 2420 169 2496 ἧ
193 2430 285 2498 σφεας
310 2423 485 2502 ύποχειρίους
512 2419 675 2497 ἐποιήσατο.
716 2423 830 2485 τούτους
855 2423 951 2500 μέντοι

152 2510 415 2589 καταστρεψάμενος
437 2510 529 2591 άπῆγε
550 2509 601 2585 τὴν
622 2511 757 2588 στρατιὴν
778 2511 877 2583 ὀπίσω,
901 2511 949 2571 ἅτε

150 2601 189 2675 τῷ
212 2601 285 2677 πεζῷ
305 2625 336 2658 τε
358 2600 556 2676 προσπταίσας
577 2599 647 2675 πρός
668 2599 733 2662 τούς
755 2600 881 2682 Βρύγους
905 2601 950 2658 καὶ

150 2689 189 2762 τῷ
202 2691 318 2765 ναυτικῷ
333 2687 461 2767 μεγάλως
481 2687 545 2763 περὶ
554 2684 656 2746 Ἀθων.
699 2686 779 2752 οὗτος
799 2690 851 2765 μέν
867 2715 915 2748 νυν
935 2688 951 2747 ὁ

151 2773 257 2836 στόλος
277 2779 400 2852 αἰσχρῶς
421 2774 627 2855 ἀγωνισάμενος
647 2775 822 2856 α’παλλάχθη
845 2783 872 2840 ές
897 2776 949 2852 τήν

150 2861 261 2937 Ἀσίην.
985 2935 987 2942 γ

193 2951 319 3029 Δευτέρῳ
333 2951 362 3010 δὲ
376 2952 430 3010 έτεῖ
442 2949 546 3009 τούτων
556 2949 572 3009 ὁ
584 2955 709 3028 Δαρεῖος,
721 2957 817 3030 πρίντα
830 2955 882 3029 μὲν
894 2959 949 3010 Θα-
958 2953 997 3009 46

151 3039 231 3100 σίους
247 3039 451 3114 διαβληθέντας
464 3037 518 3097 ύπό
532 3042 587 3098 τῷν
608 3038 810 3120 ἀστυγειτόνων
830 3039 864 3100 ὦς
883 3038 950 3097 άπό-

152 3153 257 3186 στασιν
270 3126 450 3205 μηχανοίατο,
465 3127 578 3204 πέμψας
597 3126 719 3208 ἄγγελον
736 3127 845 3184 ἐκέλευέ
858 3133 951 3200 σφεας

151 3215 185 3274 τδ
203 3219 295 3292 τεῖχος
312 3216 476 3291 περιαιρέειν
494 3216 540 3272 καὶ
553 3215 603 3276 τοὶς
617 3216 679 3276 νέας
692 3220 719 3276 ές
728 3213 861 3288 Ἄβδηρα
875 3214 951 3288 κομί-

635 3299 708 3322 ‘K‘

152 3304 214 3374 ζειν.
259 3305 286 3361 οἱ
306 3302 361 3383 γάρ
383 3302 417 3376 δὴ
434 3301 545 3369 Θάσιοι,
564 3300 609 3359 οἶα
627 3327 681 3359 υπο
710 3300 834 3358 ῑστιαίου
852 3325 884 3358 τε
901 3305 951 3358 τοῦ
