<?xml version="1.0" encoding="UTF-8"?>
<!DOCTYPE html PUBLIC "-//W3C//DTD XHTML 1.0 Transitional//EN"
    "http://www.w3.org/TR/xhtml1/DTD/xhtml1-transitional.dtd">
<html xmlns="http://www.w3.org/1999/xhtml" xml:lang="en" lang="en">
 <head>
  <title>
</title>
<meta http-equiv="Content-Type" content="text/html;charset=utf-8" />
  <meta name='ocr-system' content='tesseract 3.04.00' />
  <meta name='ocr-capabilities' content='ocr_page ocr_carea ocr_par ocr_line ocrx_word'/>
</head>
<body>
  <div class='ocr_page' id='page_1' title='image "./herodotusrecens02blakgoog_0136.png"; bbox 0 0 2276 3538; ppageno 0'>
   <div class='ocr_carea' id='block_1_1' title="bbox 125 161 974 3397">
    <p class='ocr_par' dir='ltr' id='par_1_1' title="bbox 168 161 974 3226">
     <span class='ocr_line' id='line_1_1' title="bbox 172 161 967 225; baseline -0.006 -10"><span class='ocrx_word' id='word_1_1' title='bbox 172 169 217 216; x_wconf 82' lang='lat'>126</span> <span class='ocrx_word' id='word_1_2' title='bbox 465 167 647 215; x_wconf 73' lang='grc' dir='ltr'>ἨΡΟΔΟΤΟΤ</span> <span class='ocrx_word' id='word_1_3' title='bbox 891 161 967 225; x_wconf 70' lang='lat' dir='ltr'>[VII.</span> 
     </span>
     <span class='ocr_line' id='line_1_2' title="bbox 171 243 970 323; baseline -0.009 -17"><span class='ocrx_word' id='word_1_4' title='bbox 171 245 294 321; x_wconf 70' lang='grc' dir='ltr'>ἄλλονῆ</span> <span class='ocrx_word' id='word_1_5' title='bbox 314 245 422 306; x_wconf 77' lang='grc' dir='ltr'>ἑωυτόν.</span> <span class='ocrx_word' id='word_1_6' title='bbox 464 248 625 323; x_wconf 70' lang='grc' dir='ltr'>ἐπειχθῆναι</span> <span class='ocrx_word' id='word_1_7' title='bbox 642 244 695 319; x_wconf 88' lang='grc' dir='ltr'>μέν</span> <span class='ocrx_word' id='word_1_8' title='bbox 715 267 763 302; x_wconf 94' lang='grc' dir='ltr'>νυν</span> <span class='ocrx_word' id='word_1_9' title='bbox 783 245 839 301; x_wconf 77' lang='grc' dir='ltr'>πᾶν</span> <span class='ocrx_word' id='word_1_10' title='bbox 853 243 970 321; x_wconf 83' lang='grc' dir='ltr'>πρῆγμα</span> 
     </span>
     <span class='ocr_line' id='line_1_3' title="bbox 168 330 970 411; baseline -0.007 -19"><span class='ocrx_word' id='word_1_11' title='bbox 168 334 255 392; x_wconf 82' lang='grc' dir='ltr'>τίκτει</span> <span class='ocrx_word' id='word_1_12' title='bbox 272 332 439 408; x_wconf 78' lang='grc' dir='ltr'>σφάλματα,</span> <span class='ocrx_word' id='word_1_13' title='bbox 455 339 484 391; x_wconf 92' lang='grc' dir='ltr'>ἐκ</span> <span class='ocrx_word' id='word_1_14' title='bbox 503 338 556 391; x_wconf 82' lang='grc' dir='ltr'>τῶν</span> <span class='ocrx_word' id='word_1_15' title='bbox 577 333 672 407; x_wconf 82' lang='grc' dir='ltr'>ζημίαι</span> <span class='ocrx_word' id='word_1_16' title='bbox 691 330 813 411; x_wconf 75' lang='grc' dir='ltr'>μεγάλαι</span> <span class='ocrx_word' id='word_1_17' title='bbox 836 330 970 405; x_wconf 78' lang='grc' dir='ltr'>φιλέουσι</span> 
     </span>
     <span class='ocr_line' id='line_1_4' title="bbox 169 416 971 502; baseline -0.007 -23"><span class='ocrx_word' id='word_1_18' title='bbox 169 421 307 502; x_wconf 88' lang='grc' dir='ltr'>γίνεσθαι·</span> <span class='ocrx_word' id='word_1_19' title='bbox 335 426 364 480; x_wconf 86' lang='grc' dir='ltr'>ἐν</span> <span class='ocrx_word' id='word_1_20' title='bbox 384 421 414 479; x_wconf 77' lang='grc' dir='ltr'>δὲ</span> <span class='ocrx_word' id='word_1_21' title='bbox 435 426 473 498; x_wconf 80' lang='grc' dir='ltr'>τῷ</span> <span class='ocrx_word' id='word_1_22' title='bbox 495 423 622 498; x_wconf 68' lang='grc' dir='ltr'>ἐπισχεῖν</span> <span class='ocrx_word' id='word_1_23' title='bbox 644 421 734 478; x_wconf 82' lang='grc' dir='ltr'>ἔνεστι</span> <span class='ocrx_word' id='word_1_24' title='bbox 758 417 858 498; x_wconf 75' lang='grc' dir='ltr'>ἀγαθά,</span> <span class='ocrx_word' id='word_1_25' title='bbox 885 420 907 474; x_wconf 81' lang='grc' dir='ltr'>εἰ</span> <span class='ocrx_word' id='word_1_26' title='bbox 930 416 971 493; x_wconf 76' lang='grc' dir='ltr'>μὴ</span> 
     </span>
     <span class='ocr_line' id='line_1_5' title="bbox 170 505 972 587; baseline -0.007 -19"><span class='ocrx_word' id='word_1_27' title='bbox 170 511 325 587; x_wconf 72' lang='grc' dir='ltr'>παραυτίκα</span> <span class='ocrx_word' id='word_1_28' title='bbox 345 509 476 568; x_wconf 88' lang='grc' dir='ltr'>δοκέοντα</span> <span class='ocrx_word' id='word_1_29' title='bbox 498 509 574 576; x_wconf 82' lang='grc' dir='ltr'>εἶναι,</span> <span class='ocrx_word' id='word_1_30' title='bbox 597 506 661 566; x_wconf 87' lang='grc' dir='ltr'>ἀλλ’</span> <span class='ocrx_word' id='word_1_31' title='bbox 675 505 727 565; x_wconf 83' lang='grc' dir='ltr'>ἀνά</span> <span class='ocrx_word' id='word_1_32' title='bbox 745 505 847 584; x_wconf 83' lang='grc' dir='ltr'>χρόνον</span> <span class='ocrx_word' id='word_1_33' title='bbox 867 505 972 581; x_wconf 77' lang='grc' dir='ltr'>ἐξεύροι</span> 
     </span>
     <span class='ocr_line' id='line_1_6' title="bbox 169 593 970 673; baseline -0.007 -16"><span class='ocrx_word' id='word_1_34' title='bbox 169 623 211 660; x_wconf 86' lang='grc' dir='ltr'>τις</span> <span class='ocrx_word' id='word_1_35' title='bbox 224 598 267 658; x_wconf 82' lang='grc' dir='ltr'>ἀν.</span> <span class='ocrx_word' id='word_1_36' title='bbox 305 598 354 656; x_wconf 82' lang='grc' dir='ltr'>σοὶ</span> <span class='ocrx_word' id='word_1_37' title='bbox 366 600 418 673; x_wconf 79' lang='grc' dir='ltr'>μὲν</span> <span class='ocrx_word' id='word_1_38' title='bbox 432 597 465 672; x_wconf 78' lang='grc' dir='ltr'>δη</span> <span class='ocrx_word' id='word_1_39' title='bbox 479 600 575 664; x_wconf 83' lang='grc' dir='ltr'>ταῦτα,</span> <span class='ocrx_word' id='word_1_40' title='bbox 591 594 612 653; x_wconf 84' lang='grc' dir='ltr'><strong>ὦ</strong></span> <span class='ocrx_word' id='word_1_41' title='bbox 624 597 758 671; x_wconf 82' lang='grc' dir='ltr'>βασιλεῦ,</span> <span class='ocrx_word' id='word_1_42' title='bbox 773 593 970 670; x_wconf 85' lang='grc' dir='ltr'>συμβουλεύω·</span> 
     </span>
     <span class='ocr_line' id='line_1_7' title="bbox 171 682 972 762; baseline -0.005 -18"><span class='ocrx_word' id='word_1_43' title='bbox 171 685 208 745; x_wconf 85' lang='grc' dir='ltr'>σύ</span> <span class='ocrx_word' id='word_1_44' title='bbox 232 686 269 755; x_wconf 80' lang='grc' dir='ltr'>δὲ,</span> <span class='ocrx_word' id='word_1_45' title='bbox 294 685 316 743; x_wconf 84' lang='grc' dir='ltr'><strong><em>ὦ</em></strong></span> <span class='ocrx_word' id='word_1_46' title='bbox 336 689 389 743; x_wconf 88' lang='grc' dir='ltr'>παῖ</span> <span class='ocrx_word' id='word_1_47' title='bbox 412 684 549 761; x_wconf 90' lang='grc' dir='ltr'>Γωβρύεω</span> <span class='ocrx_word' id='word_1_48' title='bbox 572 682 722 760; x_wconf 85' lang='grc' dir='ltr'>Μαρδόνιε,</span> <span class='ocrx_word' id='word_1_49' title='bbox 747 686 855 740; x_wconf 82' lang='grc' dir='ltr'>παῦσαι</span> <span class='ocrx_word' id='word_1_50' title='bbox 881 682 972 762; x_wconf 84' lang='grc' dir='ltr'>λέγων</span> 
     </span>
     <span class='ocr_line' id='line_1_8' title="bbox 169 768 973 854; baseline -0.002 -22"><span class='ocrx_word' id='word_1_51' title='bbox 169 774 272 854; x_wconf 83' lang='grc' dir='ltr'>λόγους</span> <span class='ocrx_word' id='word_1_52' title='bbox 289 773 422 849; x_wconf 83' lang='grc' dir='ltr'>ματαίους</span> <span class='ocrx_word' id='word_1_53' title='bbox 442 773 506 848; x_wconf 89' lang='grc' dir='ltr'>περὶ</span> <span class='ocrx_word' id='word_1_54' title='bbox 523 771 675 846; x_wconf 85' lang='grc' dir='ltr'>Ἑλλήνων,</span> <span class='ocrx_word' id='word_1_55' title='bbox 693 769 742 829; x_wconf 88' lang='grc' dir='ltr'>ούκ</span> <span class='ocrx_word' id='word_1_56' title='bbox 765 769 862 829; x_wconf 87' lang='grc' dir='ltr'>ἐόντων</span> <span class='ocrx_word' id='word_1_57' title='bbox 889 768 973 838; x_wconf 83' lang='grc' dir='ltr'>ἀξίων</span> 
     </span>
     <span class='ocr_line' id='line_1_9' title="bbox 170 858 972 938; baseline -0.004 -20"><span class='ocrx_word' id='word_1_58' title='bbox 170 860 302 936; x_wconf 77' lang='grc' dir='ltr'>φλαύρως</span> <span class='ocrx_word' id='word_1_59' title='bbox 326 858 443 918; x_wconf 86' lang='grc' dir='ltr'>ἀκούειν·</span> <span class='ocrx_word' id='word_1_60' title='bbox 463 859 606 935; x_wconf 83' lang='grc' dir='ltr'>Ἕλληνας</span> <span class='ocrx_word' id='word_1_61' title='bbox 628 859 682 938; x_wconf 78' lang='grc' dir='ltr'>γάρ</span> <span class='ocrx_word' id='word_1_62' title='bbox 705 858 876 934; x_wconf 87' lang='grc' dir='ltr'>διαβάλλων,</span> <span class='ocrx_word' id='word_1_63' title='bbox 896 859 972 916; x_wconf 87' lang='grc' dir='ltr'>ἐπαί-</span> 
     </span>
     <span class='ocr_line' id='line_1_10' title="bbox 170 943 972 1025; baseline -0.002 -19"><span class='ocrx_word' id='word_1_64' title='bbox 170 974 227 1025; x_wconf 93' lang='grc' dir='ltr'>ρεις</span> <span class='ocrx_word' id='word_1_65' title='bbox 246 947 329 1007; x_wconf 82' lang='grc' dir='ltr'>αύτόν</span> <span class='ocrx_word' id='word_1_66' title='bbox 349 948 476 1023; x_wconf 83' lang='grc' dir='ltr'>βασιλέα</span> <span class='ocrx_word' id='word_1_67' title='bbox 498 947 709 1024; x_wconf 88' lang='grc' dir='ltr'>στρατεύεσθαι·</span> <span class='ocrx_word' id='word_1_68' title='bbox 732 945 816 1004; x_wconf 84' lang='grc' dir='ltr'>αύτοΰ</span> <span class='ocrx_word' id='word_1_69' title='bbox 830 947 859 1004; x_wconf 82' lang='grc' dir='ltr'>δέ</span> <span class='ocrx_word' id='word_1_70' title='bbox 872 943 972 1004; x_wconf 89' lang='grc' dir='ltr'>τούτου</span> 
     </span>
     <span class='ocr_line' id='line_1_11' title="bbox 173 1035 973 1112; baseline 0 -19"><span class='ocrx_word' id='word_1_71' title='bbox 173 1035 263 1094; x_wconf 81' lang='grc' dir='ltr'>εἵνεκα</span> <span class='ocrx_word' id='word_1_72' title='bbox 281 1035 383 1098; x_wconf 78' lang='grc' dir='ltr'>δοκέεις</span> <span class='ocrx_word' id='word_1_73' title='bbox 398 1061 447 1112; x_wconf 92' lang='grc' dir='ltr'>μοι</span> <span class='ocrx_word' id='word_1_74' title='bbox 465 1040 562 1095; x_wconf 79' lang='grc' dir='ltr'>πᾶσαν</span> <span class='ocrx_word' id='word_1_75' title='bbox 582 1036 740 1111; x_wconf 88' lang='grc' dir='ltr'>προθυμίην</span> <span class='ocrx_word' id='word_1_76' title='bbox 754 1035 889 1093; x_wconf 87' lang='grc' dir='ltr'>ι’·κτείνειν.</span> <span class='ocrx_word' id='word_1_77' title='bbox 931 1035 973 1110; x_wconf 83' lang='grc' dir='ltr'>μή</span> 
     </span>
     <span class='ocr_line' id='line_1_12' title="bbox 171 1121 973 1204; baseline -0.004 -21"><span class='ocrx_word' id='word_1_78' title='bbox 171 1149 219 1183; x_wconf 92' lang='grc' dir='ltr'>νυν</span> <span class='ocrx_word' id='word_1_79' title='bbox 240 1122 311 1182; x_wconf 81' lang='grc' dir='ltr'>οὕτω</span> <span class='ocrx_word' id='word_1_80' title='bbox 330 1125 453 1204; x_wconf 88' lang='grc' dir='ltr'>γένηται·</span> <span class='ocrx_word' id='word_1_81' title='bbox 475 1122 598 1200; x_wconf 72' lang='grc' dir='ltr'>διαβολή</span> <span class='ocrx_word' id='word_1_82' title='bbox 613 1123 667 1203; x_wconf 85' lang='grc' dir='ltr'>γάρ</span> <span class='ocrx_word' id='word_1_83' title='bbox 682 1129 744 1182; x_wconf 88' lang='grc' dir='ltr'>ἐστι</span> <span class='ocrx_word' id='word_1_84' title='bbox 757 1121 921 1182; x_wconf 88' lang='grc' dir='ltr'>δεινότατον·</span> <span class='ocrx_word' id='word_1_85' title='bbox 944 1128 973 1180; x_wconf 90' lang='grc' dir='ltr'>ἐν</span> 
     </span>
     <span class='ocr_line' id='line_1_13' title="bbox 171 1209 972 1290; baseline 0.002 -20"><span class='ocrx_word' id='word_1_86' title='bbox 171 1211 269 1290; x_wconf 82' lang='grc' dir='ltr'>τῇδύο</span> <span class='ocrx_word' id='word_1_87' title='bbox 286 1212 338 1289; x_wconf 89' lang='grc' dir='ltr'>μέν</span> <span class='ocrx_word' id='word_1_88' title='bbox 359 1217 414 1271; x_wconf 84' lang='grc' dir='ltr'>εἰσι</span> <span class='ocrx_word' id='word_1_89' title='bbox 436 1215 462 1271; x_wconf 85' lang='grc' dir='ltr'>οἶ</span> <span class='ocrx_word' id='word_1_90' title='bbox 482 1211 642 1279; x_wconf 81' lang='grc' dir='ltr'>ἀδικέοντες,</span> <span class='ocrx_word' id='word_1_91' title='bbox 658 1211 694 1273; x_wconf 87' lang='grc' dir='ltr'>εἶς</span> <span class='ocrx_word' id='word_1_92' title='bbox 715 1211 745 1268; x_wconf 80' lang='grc' dir='ltr'>δὲ</span> <span class='ocrx_word' id='word_1_93' title='bbox 759 1209 774 1268; x_wconf 83' lang='grc' dir='ltr'>ὁ</span> <span class='ocrx_word' id='word_1_94' title='bbox 788 1209 972 1287; x_wconf 88' lang='grc' dir='ltr'>ἀδικεόμενος·</span> 
     </span>
     <span class='ocr_line' id='line_1_14' title="bbox 171 1297 973 1381; baseline -0.002 -23"><span class='ocrx_word' id='word_1_95' title='bbox 171 1299 187 1358; x_wconf 86' lang='grc' dir='ltr'>ὁ</span> <span class='ocrx_word' id='word_1_96' title='bbox 209 1303 260 1377; x_wconf 75' lang='grc' dir='ltr'>μὲν</span> <span class='ocrx_word' id='word_1_97' title='bbox 280 1300 335 1381; x_wconf 84' lang='grc' dir='ltr'>γάρ</span> <span class='ocrx_word' id='word_1_98' title='bbox 359 1300 523 1376; x_wconf 80' lang='grc' dir='ltr'>διαβάλλων</span> <span class='ocrx_word' id='word_1_99' title='bbox 545 1300 645 1358; x_wconf 81' lang='grc' dir='ltr'>ἀδικέει</span> <span class='ocrx_word' id='word_1_100' title='bbox 667 1297 699 1358; x_wconf 82' lang='grc' dir='ltr'>ού</span> <span class='ocrx_word' id='word_1_101' title='bbox 720 1299 870 1375; x_wconf 90' lang='grc' dir='ltr'>παρεόντος</span> <span class='ocrx_word' id='word_1_102' title='bbox 891 1325 973 1374; x_wconf 91' lang='grc' dir='ltr'>κατη-</span> 
     </span>
     <span class='ocr_line' id='line_1_15' title="bbox 170 1385 974 1468; baseline -0.004 -21"><span class='ocrx_word' id='word_1_103' title='bbox 170 1390 283 1468; x_wconf 90' lang='grc' dir='ltr'>γορέων·</span> <span class='ocrx_word' id='word_1_104' title='bbox 304 1388 320 1447; x_wconf 86' lang='grc' dir='ltr'>ό</span> <span class='ocrx_word' id='word_1_105' title='bbox 334 1389 364 1447; x_wconf 84' lang='grc' dir='ltr'>δὲ</span> <span class='ocrx_word' id='word_1_106' title='bbox 377 1387 485 1456; x_wconf 84' lang='grc' dir='ltr'>ἀδικέει,</span> <span class='ocrx_word' id='word_1_107' title='bbox 500 1387 716 1464; x_wconf 85' lang='grc' dir='ltr'>ἀναπειθόμενος</span> <span class='ocrx_word' id='word_1_108' title='bbox 730 1388 795 1464; x_wconf 86' lang='grc' dir='ltr'>πρὶν</span> <span class='ocrx_word' id='word_1_109' title='bbox 808 1385 826 1462; x_wconf 85' lang='grc' dir='ltr'>ἢ</span> <span class='ocrx_word' id='word_1_110' title='bbox 839 1386 974 1464; x_wconf 79' lang='grc' dir='ltr'>ἀτρεκέως</span> 
     </span>
     <span class='ocr_line' id='line_1_16' title="bbox 173 1474 973 1555; baseline -0.001 -22"><span class='ocrx_word' id='word_1_111' title='bbox 173 1476 288 1554; x_wconf 80' lang='grc' dir='ltr'>ἐκμάθῃ·</span> <span class='ocrx_word' id='word_1_112' title='bbox 311 1476 326 1535; x_wconf 86' lang='grc' dir='ltr'>ό</span> <span class='ocrx_word' id='word_1_113' title='bbox 345 1477 374 1534; x_wconf 84' lang='grc' dir='ltr'>δέ</span> <span class='ocrx_word' id='word_1_114' title='bbox 396 1476 430 1552; x_wconf 76' lang='grc' dir='ltr'>δη</span> <span class='ocrx_word' id='word_1_115' title='bbox 452 1476 544 1535; x_wconf 79' lang='grc' dir='ltr'>ἀπειύν</span> <span class='ocrx_word' id='word_1_116' title='bbox 564 1479 614 1534; x_wconf 80' lang='grc' dir='ltr'>τοῦ</span> <span class='ocrx_word' id='word_1_117' title='bbox 635 1475 723 1555; x_wconf 89' lang='grc' dir='ltr'>λόγου</span> <span class='ocrx_word' id='word_1_118' title='bbox 740 1475 805 1533; x_wconf 84' lang='grc' dir='ltr'>τάδε</span> <span class='ocrx_word' id='word_1_119' title='bbox 820 1481 848 1534; x_wconf 84' lang='grc' dir='ltr'>ἐν</span> <span class='ocrx_word' id='word_1_120' title='bbox 863 1474 973 1534; x_wconf 83' lang='grc' dir='ltr'>ούτοῖσι</span> 
     </span>
     <span class='ocr_line' id='line_1_17' title="bbox 172 1562 972 1639; baseline 0 -19"><span class='ocrx_word' id='word_1_121' title='bbox 172 1562 316 1632; x_wconf 85' lang='grc' dir='ltr'>ἀδικέεται,</span> <span class='ocrx_word' id='word_1_122' title='bbox 335 1564 500 1638; x_wconf 90' lang='grc' dir='ltr'>διαβληθείς</span> <span class='ocrx_word' id='word_1_123' title='bbox 520 1588 551 1621; x_wconf 90' lang='grc' dir='ltr'>τε</span> <span class='ocrx_word' id='word_1_124' title='bbox 569 1562 624 1622; x_wconf 82' lang='grc' dir='ltr'>ύπό</span> <span class='ocrx_word' id='word_1_125' title='bbox 645 1567 695 1622; x_wconf 86' lang='grc' dir='ltr'>τοῦ</span> <span class='ocrx_word' id='word_1_126' title='bbox 719 1564 812 1639; x_wconf 80' lang='grc' dir='ltr'>ἐτέρου</span> <span class='ocrx_word' id='word_1_127' title='bbox 832 1564 878 1620; x_wconf 90' lang='grc' dir='ltr'>καὶ</span> <span class='ocrx_word' id='word_1_128' title='bbox 897 1589 972 1638; x_wconf 94' lang='grc' dir='ltr'>νομι-</span> 
     </span>
     <span class='ocr_line' id='line_1_18' title="bbox 173 1649 973 1728; baseline -0.003 -18"><span class='ocrx_word' id='word_1_129' title='bbox 173 1650 251 1712; x_wconf 85' lang='grc' dir='ltr'>σθεὶς</span> <span class='ocrx_word' id='word_1_130' title='bbox 269 1650 340 1726; x_wconf 82' lang='grc' dir='ltr'>πρός</span> <span class='ocrx_word' id='word_1_131' title='bbox 355 1653 405 1709; x_wconf 79' lang='grc' dir='ltr'>τοῦ</span> <span class='ocrx_word' id='word_1_132' title='bbox 427 1651 519 1728; x_wconf 80' lang='grc' dir='ltr'>ἑτέρου</span> <span class='ocrx_word' id='word_1_133' title='bbox 541 1649 624 1714; x_wconf 81' lang='grc' dir='ltr'>κακός</span> <span class='ocrx_word' id='word_1_134' title='bbox 645 1649 723 1710; x_wconf 82' lang='grc' dir='ltr'>εἶναι.</span> <span class='ocrx_word' id='word_1_135' title='bbox 765 1650 830 1709; x_wconf 82' lang='grc' dir='ltr'>ἀλλ’</span> <span class='ocrx_word' id='word_1_136' title='bbox 845 1656 869 1709; x_wconf 83' lang='grc' dir='ltr'>εί</span> <span class='ocrx_word' id='word_1_137' title='bbox 884 1650 917 1725; x_wconf 78' lang='grc' dir='ltr'>δὴ</span> <span class='ocrx_word' id='word_1_138' title='bbox 932 1650 973 1709; x_wconf 82' lang='grc' dir='ltr'>δεῖ</span> 
     </span>
     <span class='ocr_line' id='line_1_19' title="bbox 171 1736 971 1819; baseline 0.003 -23"><span class='ocrx_word' id='word_1_139' title='bbox 171 1764 205 1819; x_wconf 92' lang='grc' dir='ltr'>γε</span> <span class='ocrx_word' id='word_1_140' title='bbox 226 1736 334 1800; x_wconf 81' lang='grc' dir='ltr'>πάντως</span> <span class='ocrx_word' id='word_1_141' title='bbox 355 1739 399 1796; x_wconf 82' lang='grc' dir='ltr'>ἐπὶ</span> <span class='ocrx_word' id='word_1_142' title='bbox 421 1738 484 1802; x_wconf 83' lang='grc' dir='ltr'>τούς</span> <span class='ocrx_word' id='word_1_143' title='bbox 505 1737 606 1816; x_wconf 80' lang='grc' dir='ltr'>ἀνδρας</span> <span class='ocrx_word' id='word_1_144' title='bbox 626 1739 739 1802; x_wconf 79' lang='grc' dir='ltr'>τούτους</span> <span class='ocrx_word' id='word_1_145' title='bbox 760 1739 971 1816; x_wconf 91' lang='grc' dir='ltr'>στρατεύεσθαι,</span> 
     </span>
     <span class='ocr_line' id='line_1_20' title="bbox 173 1825 973 1903; baseline 0.004 -19"><span class='ocrx_word' id='word_1_146' title='bbox 173 1826 251 1902; x_wconf 88' lang='grc' dir='ltr'>φέρε,</span> <span class='ocrx_word' id='word_1_147' title='bbox 269 1827 409 1900; x_wconf 77' lang='grc' dir='ltr'>βασιλεύς</span> <span class='ocrx_word' id='word_1_148' title='bbox 427 1829 479 1902; x_wconf 73' lang='grc' dir='ltr'>μὲν</span> <span class='ocrx_word' id='word_1_149' title='bbox 496 1826 579 1889; x_wconf 83' lang='grc' dir='ltr'>αύτός</span> <span class='ocrx_word' id='word_1_150' title='bbox 595 1833 623 1886; x_wconf 85' lang='grc' dir='ltr'>ἐν</span> <span class='ocrx_word' id='word_1_151' title='bbox 643 1825 726 1902; x_wconf 84' lang='grc' dir='ltr'>ἤθεσι</span> <span class='ocrx_word' id='word_1_152' title='bbox 746 1832 821 1886; x_wconf 83' lang='grc' dir='ltr'>τοῖσι</span> <span class='ocrx_word' id='word_1_153' title='bbox 840 1829 973 1903; x_wconf 90' lang='grc' dir='ltr'>Περσέων</span> 
     </span>
     <span class='ocr_line' id='line_1_21' title="bbox 170 1914 972 1993; baseline 0.006 -21"><span class='ocrx_word' id='word_1_154' title='bbox 170 1915 282 1991; x_wconf 88' lang='grc' dir='ltr'>μενέτω·</span> <span class='ocrx_word' id='word_1_155' title='bbox 307 1914 399 1991; x_wconf 81' lang='grc' dir='ltr'>ἡμέων</span> <span class='ocrx_word' id='word_1_156' title='bbox 419 1916 448 1974; x_wconf 78' lang='grc' dir='ltr'>δὲ</span> <span class='ocrx_word' id='word_1_157' title='bbox 467 1915 632 1993; x_wconf 80' lang='grc' dir='ltr'>ἀμφοτέρων</span> <span class='ocrx_word' id='word_1_158' title='bbox 651 1917 916 1992; x_wconf 88' lang='grc' dir='ltr'>παραβαλλομένων</span> <span class='ocrx_word' id='word_1_159' title='bbox 936 1918 972 1977; x_wconf 86' lang='grc' dir='ltr'>τά</span> 
     </span>
     <span class='ocr_line' id='line_1_22' title="bbox 170 2003 973 2082; baseline 0.002 -20"><span class='ocrx_word' id='word_1_160' title='bbox 170 2003 261 2072; x_wconf 89' lang='grc' dir='ltr'>τέκνα,</span> <span class='ocrx_word' id='word_1_161' title='bbox 275 2003 465 2080; x_wconf 86' lang='grc' dir='ltr'>στρατηλάτεε</span> <span class='ocrx_word' id='word_1_162' title='bbox 476 2003 558 2066; x_wconf 83' lang='grc' dir='ltr'>αύτός</span> <span class='ocrx_word' id='word_1_163' title='bbox 568 2004 605 2063; x_wconf 75' lang='grc' dir='ltr'>σι)</span> <span class='ocrx_word' id='word_1_164' title='bbox 619 2004 815 2081; x_wconf 80' lang='grc' dir='ltr'>ἐπιλεξάμενός</span> <span class='ocrx_word' id='word_1_165' title='bbox 828 2031 859 2063; x_wconf 85' lang='grc' dir='ltr'>τε</span> <span class='ocrx_word' id='word_1_166' title='bbox 872 2004 973 2082; x_wconf 79' lang='grc' dir='ltr'>ἄνδρας</span> 
     </span>
     <span class='ocr_line' id='line_1_23' title="bbox 171 2091 971 2170; baseline 0.004 -20"><span class='ocrx_word' id='word_1_167' title='bbox 171 2091 235 2155; x_wconf 80' lang='grc' dir='ltr'>τούς</span> <span class='ocrx_word' id='word_1_168' title='bbox 249 2092 353 2154; x_wconf 85' lang='grc' dir='ltr'>ἐθέλεις</span> <span class='ocrx_word' id='word_1_169' title='bbox 367 2094 412 2150; x_wconf 88' lang='grc' dir='ltr'>καὶ</span> <span class='ocrx_word' id='word_1_170' title='bbox 426 2092 525 2167; x_wconf 76' lang='grc' dir='ltr'>λαβιύν</span> <span class='ocrx_word' id='word_1_171' title='bbox 546 2092 681 2168; x_wconf 68' lang='grc' dir='ltr'>στρατιὴν</span> <span class='ocrx_word' id='word_1_172' title='bbox 703 2091 808 2168; x_wconf 80' lang='grc' dir='ltr'>ὁκόσην</span> <span class='ocrx_word' id='word_1_173' title='bbox 828 2094 890 2152; x_wconf 87' lang='grc' dir='ltr'>τινά</span> <span class='ocrx_word' id='word_1_174' title='bbox 903 2095 971 2170; x_wconf 90' lang='grc' dir='ltr'>βού-</span> 
     </span>
     <span class='ocr_line' id='line_1_24' title="bbox 171 2179 971 2261; baseline 0.001 -23"><span class='ocrx_word' id='word_1_175' title='bbox 171 2185 247 2238; x_wconf 92' lang='grc' dir='ltr'>λεαι·</span> <span class='ocrx_word' id='word_1_176' title='bbox 270 2182 315 2239; x_wconf 84' lang='grc' dir='ltr'>καὶ</span> <span class='ocrx_word' id='word_1_177' title='bbox 336 2179 371 2256; x_wconf 76' lang='grc' dir='ltr'>ἦν</span> <span class='ocrx_word' id='word_1_178' title='bbox 391 2184 442 2257; x_wconf 82' lang='grc' dir='ltr'>μὲν</span> <span class='ocrx_word' id='word_1_179' title='bbox 464 2185 499 2259; x_wconf 80' lang='grc' dir='ltr'>τῇ</span> <span class='ocrx_word' id='word_1_180' title='bbox 519 2181 555 2239; x_wconf 81' lang='grc' dir='ltr'>σύ</span> <span class='ocrx_word' id='word_1_181' title='bbox 579 2183 670 2261; x_wconf 87' lang='grc' dir='ltr'>λέγεις</span> <span class='ocrx_word' id='word_1_182' title='bbox 690 2179 828 2260; x_wconf 80' lang='grc' dir='ltr'>ἀναβαίνῃ</span> <span class='ocrx_word' id='word_1_183' title='bbox 851 2182 971 2257; x_wconf 81' lang='grc' dir='ltr'>βασιλέί</span> 
     </span>
     <span class='ocr_line' id='line_1_25' title="bbox 171 2267 972 2349; baseline 0.002 -23"><span class='ocrx_word' id='word_1_184' title='bbox 171 2267 207 2326; x_wconf 86' lang='grc' dir='ltr'>τά</span> <span class='ocrx_word' id='word_1_185' title='bbox 229 2269 389 2349; x_wconf 75' lang='grc' dir='ltr'>πρήγματα,</span> <span class='ocrx_word' id='word_1_186' title='bbox 413 2270 577 2328; x_wconf 88' lang='grc' dir='ltr'>κτεινέσθων</span> <span class='ocrx_word' id='word_1_187' title='bbox 600 2272 627 2327; x_wconf 87' lang='grc' dir='ltr'>οἱ</span> <span class='ocrx_word' id='word_1_188' title='bbox 649 2269 710 2345; x_wconf 81' lang='grc' dir='ltr'>ἐμοὶ</span> <span class='ocrx_word' id='word_1_189' title='bbox 734 2269 830 2331; x_wconf 83' lang='grc' dir='ltr'>παῖδες</span> <span class='ocrx_word' id='word_1_190' title='bbox 851 2270 921 2347; x_wconf 81' lang='grc' dir='ltr'>πρός</span> <span class='ocrx_word' id='word_1_191' title='bbox 942 2271 972 2328; x_wconf 86' lang='grc' dir='ltr'>δὲ</span> 
     </span>
     <span class='ocr_line' id='line_1_26' title="bbox 171 2355 972 2437; baseline 0.005 -23"><span class='ocrx_word' id='word_1_192' title='bbox 171 2355 282 2416; x_wconf 85' lang='grc' dir='ltr'>αύτοῖσι</span> <span class='ocrx_word' id='word_1_193' title='bbox 307 2357 352 2414; x_wconf 85' lang='grc' dir='ltr'>καὶ</span> <span class='ocrx_word' id='word_1_194' title='bbox 376 2356 443 2435; x_wconf 76' lang='grc' dir='ltr'>ἐγώ·</span> <span class='ocrx_word' id='word_1_195' title='bbox 471 2355 505 2431; x_wconf 86' lang='grc' dir='ltr'>ἢν</span> <span class='ocrx_word' id='word_1_196' title='bbox 527 2357 556 2414; x_wconf 85' lang='grc' dir='ltr'>δέ</span> <span class='ocrx_word' id='word_1_197' title='bbox 577 2362 612 2434; x_wconf 79' lang='grc' dir='ltr'>τῇ</span> <span class='ocrx_word' id='word_1_198' title='bbox 634 2356 687 2437; x_wconf 76' lang='grc' dir='ltr'>ε’γιύ</span> <span class='ocrx_word' id='word_1_199' title='bbox 712 2358 850 2437; x_wconf 81' lang='grc' dir='ltr'>προλέγω,</span> <span class='ocrx_word' id='word_1_200' title='bbox 873 2363 899 2417; x_wconf 85' lang='grc' dir='ltr'>οἱ</span> <span class='ocrx_word' id='word_1_201' title='bbox 923 2360 972 2418; x_wconf 76' lang='grc' dir='ltr'>σοὶ</span> 
     </span>
     <span class='ocr_line' id='line_1_27' title="bbox 170 2443 970 2524; baseline 0.004 -22"><span class='ocrx_word' id='word_1_202' title='bbox 170 2449 257 2503; x_wconf 83' lang='grc' dir='ltr'>ταῦτα</span> <span class='ocrx_word' id='word_1_203' title='bbox 277 2443 444 2521; x_wconf 86' lang='grc' dir='ltr'>πασχόντων</span> <span class='ocrx_word' id='word_1_204' title='bbox 457 2443 512 2503; x_wconf 76' lang='grc' dir='ltr'>σύν</span> <span class='ocrx_word' id='word_1_205' title='bbox 525 2444 556 2502; x_wconf 86' lang='grc' dir='ltr'>δέ</span> <span class='ocrx_word' id='word_1_206' title='bbox 569 2452 624 2520; x_wconf 88' lang='grc' dir='ltr'>σφι</span> <span class='ocrx_word' id='word_1_207' title='bbox 639 2446 685 2503; x_wconf 87' lang='grc' dir='ltr'>καὶ</span> <span class='ocrx_word' id='word_1_208' title='bbox 699 2445 743 2514; x_wconf 78' lang='grc' dir='ltr'>σύ,</span> <span class='ocrx_word' id='word_1_209' title='bbox 758 2443 793 2520; x_wconf 81' lang='grc' dir='ltr'>ἦν</span> <span class='ocrx_word' id='word_1_210' title='bbox 814 2446 970 2524; x_wconf 69' lang='grc' dir='ltr'>ἀποναστύρ</span> 
     </span>
     <span class='ocr_line' id='line_1_28' title="bbox 171 2531 970 2610; baseline 0.009 -23"><span class='ocrx_word' id='word_1_211' title='bbox 171 2557 233 2610; x_wconf 82' lang='grc' dir='ltr'>σῃς·</span> <span class='ocrx_word' id='word_1_212' title='bbox 256 2535 279 2590; x_wconf 86' lang='grc' dir='ltr'>εί</span> <span class='ocrx_word' id='word_1_213' title='bbox 301 2531 330 2588; x_wconf 80' lang='grc' dir='ltr'>δὲ</span> <span class='ocrx_word' id='word_1_214' title='bbox 352 2535 439 2589; x_wconf 85' lang='grc' dir='ltr'>ταῦτα</span> <span class='ocrx_word' id='word_1_215' title='bbox 460 2533 511 2606; x_wconf 69' lang='grc' dir='ltr'>μὲν</span> <span class='ocrx_word' id='word_1_216' title='bbox 529 2531 672 2592; x_wconf 87' lang='grc' dir='ltr'>ύποδύνειν</span> <span class='ocrx_word' id='word_1_217' title='bbox 691 2533 740 2592; x_wconf 91' lang='grc' dir='ltr'>ούκ</span> <span class='ocrx_word' id='word_1_218' title='bbox 762 2534 913 2610; x_wconf 77' lang='grc' dir='ltr'>ἐθελήσεις,</span> <span class='ocrx_word' id='word_1_219' title='bbox 934 2536 970 2594; x_wconf 82' lang='grc' dir='ltr'>σύ</span> 
     </span>
     <span class='ocr_line' id='line_1_29' title="bbox 172 2617 971 2696; baseline 0.004 -19"><span class='ocrx_word' id='word_1_220' title='bbox 172 2620 201 2677; x_wconf 84' lang='grc' dir='ltr'>δέ</span> <span class='ocrx_word' id='word_1_221' title='bbox 214 2618 321 2680; x_wconf 82' lang='grc' dir='ltr'>πάντως</span> <span class='ocrx_word' id='word_1_222' title='bbox 335 2617 496 2694; x_wconf 82' lang='grc' dir='ltr'>στράτευμα</span> <span class='ocrx_word' id='word_1_223' title='bbox 510 2619 616 2688; x_wconf 81' lang='grc' dir='ltr'>ἀνάξεις</span> <span class='ocrx_word' id='word_1_224' title='bbox 627 2622 672 2679; x_wconf 80' lang='grc' dir='ltr'>ἐπὶ</span> <span class='ocrx_word' id='word_1_225' title='bbox 682 2621 733 2696; x_wconf 78' lang='grc' dir='ltr'>τὴν</span> <span class='ocrx_word' id='word_1_226' title='bbox 747 2619 881 2691; x_wconf 84' lang='grc' dir='ltr'>Ἑλλάδα,</span> <span class='ocrx_word' id='word_1_227' title='bbox 891 2621 971 2682; x_wconf 86' lang='grc' dir='ltr'>ἀκού-</span> 
     </span>
     <span class='ocr_line' id='line_1_30' title="bbox 171 2705 969 2786; baseline 0.005 -21"><span class='ocrx_word' id='word_1_228' title='bbox 171 2707 277 2765; x_wconf 93' lang='grc' dir='ltr'>σεσθαί</span> <span class='ocrx_word' id='word_1_229' title='bbox 295 2705 356 2764; x_wconf 90' lang='grc' dir='ltr'>τινά</span> <span class='ocrx_word' id='word_1_230' title='bbox 379 2712 452 2782; x_wconf 91' lang='grc' dir='ltr'>φημι</span> <span class='ocrx_word' id='word_1_231' title='bbox 473 2711 528 2766; x_wconf 78' lang='grc' dir='ltr'>τῶν</span> <span class='ocrx_word' id='word_1_232' title='bbox 546 2707 631 2766; x_wconf 81' lang='grc' dir='ltr'>αύτού</span> <span class='ocrx_word' id='word_1_233' title='bbox 651 2709 716 2786; x_wconf 73' lang='grc' dir='ltr'>τῇδε</span> <span class='ocrx_word' id='word_1_234' title='bbox 733 2707 969 2786; x_wconf 87' lang='grc' dir='ltr'>ύπολειπομένων,</span> 
     </span>
     <span class='ocr_line' id='line_1_31' title="bbox 172 2793 969 2876; baseline 0.005 -24"><span class='ocrx_word' id='word_1_235' title='bbox 172 2793 331 2870; x_wconf 89' lang='grc' dir='ltr'>Μαρδόνιον</span> <span class='ocrx_word' id='word_1_236' title='bbox 343 2795 417 2875; x_wconf 90' lang='grc' dir='ltr'>μέγα</span> <span class='ocrx_word' id='word_1_237' title='bbox 430 2821 457 2852; x_wconf 92' lang='grc' dir='ltr'>τι</span> <span class='ocrx_word' id='word_1_238' title='bbox 472 2795 556 2855; x_wconf 86' lang='grc' dir='ltr'>κακόν</span> <span class='ocrx_word' id='word_1_239' title='bbox 570 2796 772 2876; x_wconf 79' lang='grc' dir='ltr'>ἐξεργασμένον</span> <span class='ocrx_word' id='word_1_240' title='bbox 786 2798 901 2872; x_wconf 88' lang='grc' dir='ltr'>Πέρσας</span> <span class='ocrx_word' id='word_1_241' title='bbox 913 2793 969 2856; x_wconf 82' lang='grc' dir='ltr'>ύπά</span> 
     </span>
     <span class='ocr_line' id='line_1_32' title="bbox 170 2879 969 2966; baseline 0.003 -26"><span class='ocrx_word' id='word_1_242' title='bbox 170 2885 256 2941; x_wconf 81' lang='grc' dir='ltr'>κυνῶν</span> <span class='ocrx_word' id='word_1_243' title='bbox 274 2908 305 2941; x_wconf 91' lang='grc' dir='ltr'>τε</span> <span class='ocrx_word' id='word_1_244' title='bbox 328 2882 373 2940; x_wconf 85' lang='grc' dir='ltr'>καὶ</span> <span class='ocrx_word' id='word_1_245' title='bbox 395 2882 510 2959; x_wconf 85' lang='grc' dir='ltr'>ὀρνίθων</span> <span class='ocrx_word' id='word_1_246' title='bbox 532 2879 791 2958; x_wconf 83' lang='grc' dir='ltr'>διαφορεύμενον,ἦ</span> <span class='ocrx_word' id='word_1_247' title='bbox 815 2911 864 2942; x_wconf 92' lang='grc' dir='ltr'>κου</span> <span class='ocrx_word' id='word_1_248' title='bbox 884 2890 912 2942; x_wconf 88' lang='grc' dir='ltr'>ἐν</span> <span class='ocrx_word' id='word_1_249' title='bbox 932 2891 969 2966; x_wconf 81' lang='grc' dir='ltr'>γῇ</span> 
     </span>
     <span class='ocr_line' id='line_1_33' title="bbox 170 2969 968 3050; baseline 0.003 -22"><span class='ocrx_word' id='word_1_250' title='bbox 170 2975 205 3049; x_wconf 80' lang='grc' dir='ltr'>τῇ</span> <span class='ocrx_word' id='word_1_251' title='bbox 221 2969 374 3046; x_wconf 87' lang='grc' dir='ltr'>Ἀθηναίων</span> <span class='ocrx_word' id='word_1_252' title='bbox 393 2969 412 3045; x_wconf 83' lang='grc' dir='ltr'><strong><em>ἦ</em></strong></span> <span class='ocrx_word' id='word_1_253' title='bbox 434 2971 470 3029; x_wconf 88' lang='grc' dir='ltr'>σέ</span> <span class='ocrx_word' id='word_1_254' title='bbox 490 2996 523 3050; x_wconf 91' lang='grc' dir='ltr'>γε</span> <span class='ocrx_word' id='word_1_255' title='bbox 542 2975 571 3030; x_wconf 86' lang='grc' dir='ltr'>ἐν</span> <span class='ocrx_word' id='word_1_256' title='bbox 590 2974 626 3046; x_wconf 85' lang='grc' dir='ltr'>τῇ</span> <span class='ocrx_word' id='word_1_257' title='bbox 640 2971 871 3046; x_wconf 89' lang='grc' dir='ltr'>Λακεδαιμονίων,</span> <span class='ocrx_word' id='word_1_258' title='bbox 886 2976 909 3030; x_wconf 84' lang='grc' dir='ltr'>εί</span> <span class='ocrx_word' id='word_1_259' title='bbox 929 2975 968 3048; x_wconf 78' lang='grc' dir='ltr'>μὴ</span> 
     </span>
     <span class='ocr_line' id='line_1_34' title="bbox 170 3056 970 3137; baseline 0.009 -21"><span class='ocrx_word' id='word_1_260' title='bbox 170 3058 223 3135; x_wconf 82' lang='grc' dir='ltr'>ἀρα</span> <span class='ocrx_word' id='word_1_261' title='bbox 238 3060 283 3117; x_wconf 88' lang='grc' dir='ltr'>καὶ</span> <span class='ocrx_word' id='word_1_262' title='bbox 297 3059 433 3135; x_wconf 88' lang='grc' dir='ltr'>πρότερον</span> <span class='ocrx_word' id='word_1_263' title='bbox 447 3056 505 3116; x_wconf 84' lang='grc' dir='ltr'>κατ’</span> <span class='ocrx_word' id='word_1_264' title='bbox 520 3057 593 3126; x_wconf 81' lang='grc' dir='ltr'>όδὸν,</span> <span class='ocrx_word' id='word_1_265' title='bbox 608 3057 710 3137; x_wconf 90' lang='grc' dir='ltr'>γνόντα</span> <span class='ocrx_word' id='word_1_266' title='bbox 725 3057 766 3116; x_wconf 87' lang='grc' dir='ltr'>ἐπ’</span> <span class='ocrx_word' id='word_1_267' title='bbox 782 3059 856 3122; x_wconf 82' lang='grc' dir='ltr'>οἴους</span> <span class='ocrx_word' id='word_1_268' title='bbox 870 3057 970 3137; x_wconf 77' lang='grc' dir='ltr'>ἄνδρας</span> 
     </span>
     <span class='ocr_line' id='line_1_35' title="bbox 170 3144 761 3226; baseline -0.003 -21"><span class='ocrx_word' id='word_1_269' title='bbox 170 3146 365 3226; x_wconf 81' lang='grc' dir='ltr'>ἀναγινώσκεις</span> <span class='ocrx_word' id='word_1_270' title='bbox 385 3144 588 3220; x_wconf 86' lang='grc' dir='ltr'>στρατεύεσθαι</span> <span class='ocrx_word' id='word_1_271' title='bbox 608 3145 761 3219; x_wconf 83' lang='grc' dir='ltr'>βασιλέα.”</span> 
     </span>
    </p>

    <p class='ocr_par' dir='ltr' id='par_1_2' title="bbox 125 3232 972 3397">
     <span class='ocr_line' id='line_1_36' title="bbox 125 3232 971 3311; baseline -0.001 -19"><span class='ocrx_word' id='word_1_272' title='bbox 125 3233 158 3292; x_wconf 86' lang='lat' dir='ltr'>ll</span> <span class='ocrx_word' id='word_1_273' title='bbox 209 3233 385 3308; x_wconf 85' lang='grc' dir='ltr'>Ἀρτάβανος</span> <span class='ocrx_word' id='word_1_274' title='bbox 397 3234 449 3308; x_wconf 87' lang='grc' dir='ltr'>μέν</span> <span class='ocrx_word' id='word_1_275' title='bbox 465 3235 552 3289; x_wconf 85' lang='grc' dir='ltr'>ταῦτα</span> <span class='ocrx_word' id='word_1_276' title='bbox 566 3232 651 3300; x_wconf 81' lang='grc' dir='ltr'>ἔλεξε·</span> <span class='ocrx_word' id='word_1_277' title='bbox 673 3233 779 3309; x_wconf 80' lang='grc' dir='ltr'>Ξέρξης</span> <span class='ocrx_word' id='word_1_278' title='bbox 792 3233 821 3291; x_wconf 80' lang='grc' dir='ltr'>δέ</span> <span class='ocrx_word' id='word_1_279' title='bbox 835 3235 971 3311; x_wconf 81' lang='grc' dir='ltr'>θυμωθεὶς</span> 
     </span>
     <span class='ocr_line' id='line_1_37' title="bbox 170 3315 972 3397; baseline -0.002 -19"><span class='ocrx_word' id='word_1_280' title='bbox 170 3318 318 3397; x_wconf 84' lang='grc' dir='ltr'>ἀμείβεται</span> <span class='ocrx_word' id='word_1_281' title='bbox 335 3318 440 3378; x_wconf 83' lang='grc' dir='ltr'>τοῖσδε·</span> <span class='ocrx_word' id='word_1_282' title='bbox 461 3315 654 3394; x_wconf 85' lang='grc' dir='ltr'>“Ἀρτάβανε,</span> <span class='ocrx_word' id='word_1_283' title='bbox 668 3321 773 3396; x_wconf 84' lang='grc' dir='ltr'>πατρός</span> <span class='ocrx_word' id='word_1_284' title='bbox 786 3320 825 3382; x_wconf 83' lang='grc' dir='ltr'>εἶς</span> <span class='ocrx_word' id='word_1_285' title='bbox 837 3322 888 3380; x_wconf 82' lang='grc' dir='ltr'>τοῦ</span> <span class='ocrx_word' id='word_1_286' title='bbox 903 3322 972 3395; x_wconf 82' lang='grc' dir='ltr'>ἐμοῦ</span> 
     </span>
    </p>
   </div>
   <div class='ocr_carea' id='block_1_2' title="bbox 0 0 1142 3538">
    <p class='ocr_par' dir='ltr' id='par_1_3' title="bbox 0 0 1142 3538">
     <span class='ocr_line' id='line_1_38' title="bbox 0 0 1142 3538; baseline 0 0"><span class='ocrx_word' id='word_1_287' title='bbox 0 0 1142 3538; x_wconf 95' lang='lat' dir='ltr'> </span> 
     </span>
    </p>
   </div>
   <div class='ocr_carea' id='block_1_3' title="bbox 17 3429 68 3498">
    <p class='ocr_par' dir='ltr' id='par_1_4' title="bbox 17 3429 68 3498">
     <span class='ocr_line' id='line_1_39' title="bbox 17 3429 68 3498; baseline 0 0"><span class='ocrx_word' id='word_1_288' title='bbox 17 3429 68 3498; x_wconf 71' lang='grc' dir='ltr'>Ι</span> 
     </span>
    </p>
   </div>
  </div>
 </body>
</html>
