2278 3538
191 168 237 214 ιιι
495 165 677 214 ·Ηι>οιουου
905 163 983 228 [vn.

186 245 292 318 φθῆναι
305 247 354 319 τῆς
364 244 524 322 ναυμαχίης.
553 243 630 304 οὗτοι
643 246 695 321 μὲν
708 243 778 304 οὕτω
789 243 985 321 διεκρούσαντο

184 331 410 408 τούςἝλληνας.

138 421 193 477 169
246 424 354 495 Κρῆτες
382 421 418 488 δὲ,
449 422 511 479 ε’πεί
528 421 566 500 Ιτέ
592 427 683 495 σφεας
710 420 932 497 παρελάμβανον
958 425 984 480 οἱ

184 509 229 566 ε’πὶ
243 509 368 568 τούτοισι
387 509 539 586 ταχθέντας
551 508 702 583 Ἑλλήνων,
718 509 854 584 ἐποίησαν
867 508 983 569 τοιόνδε·

184 598 342 674 πέμψαντες
364 601 441 674 κοινῇ
463 595 636 673 θεοπρόπους
657 601 684 659 ἐς
701 596 832 670 Δελφοῖς
850 596 899 656 τόν
920 597 984 658 θεόν

184 685 343 760 ἐπειρώτων,
367 685 392 742 εἴ
411 692 466 760 σφι
493 683 605 760 άμεινον
630 685 736 764 γίνεται
756 685 922 760 τιμωρέουσι
948 686 984 764 τῇ

130 769 134 804 “’
182 772 317 841 Ἑλλάδι;
346 773 412 846 ἡδὲ
428 774 521 848 Πυθίη
539 773 713 849 ύπεκρίνατο·
742 771 788 830 “03
805 772 907 846 νήπιοι,
927 779 982 832 ε’πι-

182 861 331 936 μέμφεσθε
353 859 409 919 ὅσα
430 859 495 936 ύμῖν
515 865 544 919 ἔκ
562 864 616 920 τῶν
635 862 766 938 Μενέλεῳ
784 861 984 937 τιμωρημάτων

182 949 276 1010 Μίνως
299 949 404 1025 ἔπεμψε
426 949 530 1024 μηνίων
557 947 724 1024 δακρύματα,
750 947 793 1007 ότι
820 951 846 1006 οἱ
872 950 923 1023 μὲν
951 943 983 1007 ού

181 1031 420 1112 συνεξεπρήξαντο
434 1036 506 1114 αὐτῷ
523 1035 572 1094 τόν
594 1041 622 1094 ε’ν
642 1037 758 1114 Καμίκῳ
773 1035 896 1096 θάνατον’
906 1036 982 1116 γενό-

176 1115 276 1199 μενον,Ι
284 1125 361 1200 ὑμεῖς
372 1125 401 1182 δὲ
412 1126 528 1184 κείνοισι
540 1125 592 1200 τήν
606 1129 635 1182 ἐκ
648 1123 778 1200 Σπάρτης
788 1123 982 1201 άρπαχθεῖσαν

176 1211 228 1271 ’ὑπ’
245 1205 345 1290 ’ἀνδρός
365 1211 517 1290 βαρβάρου
537 1211 678 1294 γυναῖκα.”
720 1216 807 1271 ταῦτα
826 1215 853 1270 οἱ
874 1215 983 1287 Κρῆτες

181 1299 216 1363 ὥς
242 1299 439 1379 α’πενειχθέντα
465 1299 596 1378 ἥκουσαν,
621 1301 739 1379 ἔσχοντο
766 1303 816 1375 τῆς
842 1301 981 1376 τιμωρίης.

134 1389 191 1448 170
200 1381 320 1470 ΙΛέγεται
340 1390 394 1470 γάρ
414 1391 512 1449 Μίνων
533 1389 603 1448 κατά
623 1389 741 1464 ζήτησιν
758 1387 901 1446 Δαιδάλου
919 1387 981 1448 άπι-

179 1475 297 1552 κόμενον
318 1483 345 1540 ἔς
367 1480 497 1552 Σικανίην
514 1477 565 1553 τήν
582 1481 630 1536 νῦν
651 1477 781 1551 Σικελίην
801 1477 979 1552 καλευμένην,

179 1563 329 1624 ἀποθανεῖν
351 1567 435 1644 βιαίῳ
457 1565 575 1643 θανάτῳ·
606 1563 659 1622 άνοῖ
681 1564 710 1622 δὲ
732 1563 834 1642 χρόνον
858 1569 979 1640 Κρῆτας,

179 1651 243 1710 θεοῦ
264 1659 323 1728 σφε
345 1652 551 1728 ἐποτρύναντος,
570 1651 675 1714 πάντας
692 1653 768 1726 πλήν
790 1653 981 1729 Πολιχνιτέων

177 1765 208 1798 τε
236 1741 281 1798 καὶ
308 1741 454 1817 Πραισίων
481 1738 663 1816 ἀπικομένους
693 1740 788 1817 στόλῳ
812 1740 925 1820 μεγάλῳ
953 1747 981 1804 ε’ς

179 1828 317 1904 Σικανίην,
332 1829 505 1904 πολιορκέειν
520 1827 560 1887 ἐπ’
576 1829 637 1888 ἔτεα
646 1828 728 1887 πέντε
742 1827 827 1886 πόλιν
842 1828 978 1903 Κάμικον·

176 1915 229 1991 τήν
250 1915 307 1975 κατ’
325 1919 372 1992 ἐμὲ
391 1916 601 1996 Ἀκραγαντῖνοι
619 1917 756 1992 ε’νέμοντο·
784 1917 866 1978 τέλος
886 1916 922 1988 δὲ,
946 1916 979 1977 ού

167 2003 342 2082 ’δυναμένους
360 2003 422 2064 οὔτε
441 2009 521 2078 ἑλεῖν,
538 2003 599 2064 οὔτε
612 2004 780 2081 παραμένειν
794 2007 867 2082 λιμῷ
879 2031 978 2075 συνεσ-

167 2097 285 2162 τεῶτας,
300 2093 490 2157 α’πολιπόντας
505 2093 641 2172 οἴχεσθαι·
657 2091 692 2155 οῖς
706 2092 735 2150 δὲ
752 2092 822 2150 κατά
835 2090 978 2173 Ἰηπυγίην

175 2183 307 2263 γενέσθαι
338 2182 489 2252 πλώοντας,
519 2179 704 2256 ὑπολαβόντα
734 2181 826 2256 σφέας
855 2187 977 2258 χειμῶνα

166 2311 169 2318 .
175 2272 263 2351 μέγαν
281 2273 426 2345 ε’κβαλέειν
445 2276 472 2332 ές
488 2271 538 2345 τήν
554 2273 617 2349 γῆν
639 2269 866 2347 συναραχθέντων
881 2269 910 2327 δὲ
923 2275 977 2329 τῶν

175 2360 288 2427 πλοίων,
317 2357 446 2434 οὐδεμίαν
466 2358 520 2437 γάρ
542 2365 597 2433 σφι
618 2359 657 2416 ἔτι
679 2355 794 2433 κομιδήν
815 2362 842 2418 ἐς
863 2357 977 2434 Κρήτην

176 2447 335 2521 φαίνεσθαι,
357 2447 474 2504 ἐνθαῦτα
493 2445 589 2521 Ὑρίην
612 2445 697 2504 πάλιν
719 2447 866 2508 κτίσαντας
887 2469 975 2504 ’κατα-

174 2533 268 2610 μεῖναί
279 2559 309 2590 τε
324 2533 369 2590 καὶ
381 2532 595 2609 μεταβαλόντας
610 2532 670 2592 α’ντὶ
683 2536 734 2608 μὲν
750 2537 867 2610 Κρητῶν
880 2534 976 2612 γενέσ-

161 2616 222 2680 7θαι
241 2619 372 2701 Ἰήπυγας
393 2622 586 2691 Μεσσαπίους,
608 2620 669 2680 α’ντὶ
690 2621 719 2679 δὲ
741 2621 808 2680 εἶναι
832 2621 974 2696 νησιιίταε1

161 2707 336 2784 ’ήπειριότας
358 2708 413 2768 άπὸ
428 2710 457 2768 δὲ
470 2709 564 2786 Ὑρίης
576 2708 677 2772 πόλιος
689 2709 738 2769 τάς
757 2709 847 2770 ἄλλας
862 2710 974 2766 οἰκίσαι·

173 2797 223 2860 τάς
244 2796 277 2872 δή
298 2802 460 2874 Ταραντῖνοι
481 2798 570 2876 χρόνῳ
598 2797 715 2874 ὕστερον
742 2801 840 2874 πολλιζ
869 2797 975 2864 ἐξανισε

173 2885 268 2948 τάντες
295 2889 507 2962 προσέπταισαν
533 2885 671 2966 μεγάλως·
705 2883 776 2942 ὥστε
801 2883 887 2959 φόνος
910 2883 976 2942 Ἑλ-

173 2974 286 3050 ληνικός
295 2976 429 3054 μέγιστος
443 2971 523 3034 οὗτος
537 2973 570 3031 δή
585 2974 692 3053 ἐγένετο
706 2972 815 3032 πάντων
829 2977 883 3033 τῶν
896 2972 975 3048 ήμεῖς

173 3063 259 3138 ἴδμεν,
282 3063 370 3120 αὐτῶν
393 3088 423 3120 τε
447 3060 620 3136 Ταραντίνων
646 3061 691 3118 καῖ
710 3061 856 3140 Ῥηγίνων,
874 3061 899 3118 οῖ
920 3060 975 3120 find

174 3150 301 3208 Μικύθου
319 3153 367 3207 τοῦ
386 3149 490 3223 Χοίρου
510 3146 726 3228 ἀναγκαζόμενοι
745 3153 799 3206 τῶν
819 3148 911 3207 άστῶν
928 3149 974 3207 καὶ

173 3237 335 3313 ἀπικόμενοι
360 3237 475 3311 τιμωροὶ
501 3236 704 3312 Ταραντίνοισι,
731 3235 870 3294 α’πέθανον
896 3263 974 3313 τρισ-

174 3327 261 3401 χίλιοι
272 3323 350 3382 οὕτω·
365 3328 455 3382 αὐτῶν
468 3323 496 3380 δὲ
510 3324 683 3398 Ταραντίνων
693 3320 742 3381 ούκ
753 3322 837 3398 ἐπέην
847 3321 973 3408 ἀριθμός
