2262 3534
169 133 216 184 ινα
477 132 659 207 υνοκουοτ
872 125 961 186 [νην.

168 212 278 285 ἔφασαν
292 209 391 268 δίκαιοί
408 211 477 269 εἶναι
494 209 697 286 α’πολαβόντες,
711 209 781 270 οὕτω
795 207 902 278 ἐξιέναι·
925 211 965 268 ἐν·

169 298 257 357 θαῦτα
273 296 289 356 ὁ
307 298 447 372 βασιλεὺς
459 301 509 357 τοῦ
523 298 627 373 μισθοῖ
640 298 704 374 πέρι
718 294 848 368 ἀκούσας,
864 295 899 371 ἦν
911 294 966 376 γάρ

168 384 238 444 κατά
255 385 307 461 την
326 386 498 461 καπνοδόκην
517 391 543 448 ἐς
561 385 610 444 τόν
629 384 705 444 οἶκον
722 385 827 462 ἐσέχων
845 383 861 443 ό
878 382 964 460 ἥλιος,

168 473 228 532 εἶπε
249 473 415 550 θεοβλαβής
437 472 593 554 γενόμενος·
621 483 639 508 “
646 471 752 549 μισθόν
773 473 802 530 δὲ
821 471 887 548 ὑμῖν
913 471 966 552 ἐγιδ

176 559 184 580 ²
214 563 222 584 Ι
281 561 292 583 2

167 587 257 638 υμεων
275 563 352 631 αξιον
368 562 446 621 τόνδε
460 559 640 638 άποδίδωμι·”
653 561 744 631 δείξας
756 560 806 620 τόν
819 559 907 634 ἥλιον.
948 556 963 620 ό

170 652 221 726 μέν
240 648 274 725 δή
293 649 418 725 Γαυάνης
430 675 461 710 τε
475 649 520 708 καὶ
533 648 550 709 ὁ
565 648 707 726 Ἀέροπος,
723 652 750 708 οἱ
767 647 963 724 πρεσβύτεροι,

169 737 295 797 ἔστασαν
316 738 546 817 ἐκπεπληγμένοι,
570 737 605 800 ὥς
627 736 751 813 ἤκουσαν
771 740 867 795 ταῦτα·
897 735 913 795 ὁ
937 735 966 794 δὲ

167 830 240 894 παῖς,
260 823 392 906 ε’τιίγχανε
404 825 458 905 γάρ
472 827 542 903 ἔχων
554 825 703 904 μάχαιραν,
716 825 794 888 εἶπας
806 823 879 884 τάδε·
902 822 966 882 “δε-

169 912 283 987 κόμεθα,
299 911 320 970 ὦ
339 913 473 988 βασιλεῦ,
487 913 523 972 τά
543 910 657 975 διδοῖς·”
678 911 845 994 περιγράφει
862 913 898 988 τῇ
913 937 964 987 μα-

114 1034 124 1054 .·
167 1002 252 1080 χαίρῃ
266 1005 294 1064 ἐς
305 1001 339 1061 τό
353 1001 454 1076 ἔδαφος
467 1005 516 1061 τοῦ
530 1002 607 1060 οἴκου
620 1001 669 1060 τόν
681 999 772 1077 ἥλιον·
793 999 967 1080 περιγράψας

167 1089 203 1164 δέ,
221 1094 248 1152 ἐς
260 1089 310 1149 τόν
322 1089 429 1149 κόλπον
446 1090 505 1166 τρὶς
523 1089 696 1167 ἀρυσάμενος
708 1093 758 1148 τοῦ
771 1089 861 1164 ἡλίου,
876 1088 966 1147 άπαλ·
1024 1145 1028 1152 ,

122 1171 179 1237 138
189 1177 317 1238 λάσσετο
330 1175 413 1240 αὐτός
427 1203 459 1236 τε
475 1177 521 1236 καὶ
539 1181 566 1236 οἱ
583 1176 643 1254 μετ’
658 1177 771 1236 ἐκείνου.
814 1179 851 1236 Οί
867 1179 919 1253 μὲν
932 1176 966 1252 δή

168 1264 302 1341 α’πήϊσαν·
323 1269 361 1345 τῷ
375 1265 404 1324 δὲ
416 1265 537 1341 βασιλέϊ
550 1266 680 1341 σημαίνει
696 1289 738 1328 τις
756 1267 811 1324 τῶν
825 1264 967 1341 παρέδρων

168 1352 226 1413 οἶόν
238 1380 266 1412 τι
278 1357 375 1432 χρῆμα
385 1352 512 1428 ποιήσειε
526 1351 542 1412 ὁ
555 1357 629 1424 παῖς,
644 1353 690 1412 καὶ
701 1351 735 1416 ὥς
745 1351 799 1412 σδν
809 1350 862 1430 νόῳ
873 1353 966 1412 κείνων

168 1441 184 1500 ό
198 1442 330 1504 νεώτατος
343 1441 432 1518 λάβοι
449 1441 485 1501 τά
504 1441 642 1518 διδόμενα·
663 1440 722 1504 όδέ
735 1445 823 1500 ταῦτα
835 1439 965 1512 ἀκούσας,

167 1530 214 1588 καὶ
232 1529 361 1598 ὀξυνθεὶς,
375 1531 478 1604 πέμπει
496 1529 537 1588 ἐπ’
552 1529 652 1592 αὐτοῦς
670 1530 770 1592 ἱππέας
785 1527 964 1592 ἀπολέοντας.

167 1616 293 1692 ποταμός
313 1617 344 1675 δέ
363 1623 424 1675 ἐστι
445 1622 474 1676 ἐν
494 1623 529 1695 τῇ
549 1616 626 1696 χάρη
647 1617 742 1696 ταύτῃ,
762 1621 800 1695 τῷ
821 1616 920 1676 θύουσι
940 1619 966 1676 οἶ

168 1704 273 1764 τούτων
290 1708 345 1764 τῶν
361 1703 465 1780 ἀνδρῶν
484 1703 531 1762 ἀπ’
544 1705 662 1783 Ἀργεος
682 1705 817 1785 ἀπόγονοι
833 1704 965 1780 σωτήρια·

168 1789 256 1861 οὗτος,
276 1792 338 1850 ἐπεί
354 1818 386 1851 τε
406 1791 544 1868 διέβησαν
565 1796 592 1851 οἱ
612 1792 769 1869 Τημενίδαι,
788 1793 876 1872 μέγας
897 1791 966 1851 οὕτω

168 1878 250 1956 ἐρρύη
264 1878 336 1940 ὥστε
349 1879 415 1944 τούς
428 1881 528 1943 ἱππέας
537 1879 578 1957 μή
593 1881 667 1944 οἴους
680 1907 710 1940 τε
724 1880 856 1961 γενέσθαι
867 1879 964 1956 διαβῆ-

167 1994 221 2028 ναι.
249 1972 276 2028 οἱ
289 1969 326 2039 δέ,
341 1968 503 2046 ἀπικόμενοι
514 1975 541 2031 ἐς
554 1968 647 2047 ἄλλην
657 1973 712 2049 γῆν
721 1973 770 2044 τῆς
785 1968 965 2044 Μακεδονίης,

167 2057 285 2133 οίκησαν
294 2059 383 2121 πέλας
392 2061 446 2118 τῶν
457 2058 551 2134 κήπων
558 2061 613 2118 τοῖν
623 2058 781 2138 λεγομένων
792 2057 861 2116 εἶναι
872 2057 966 2116 Μίδεω

166 2150 216 2205 τοῦ
238 2147 365 2224 Γορδίεω·
396 2151 424 2205 ἐν
447 2150 524 2205 τοῖσι
546 2145 646 2221 φύεται
670 2143 814 2222 αὐτόματα
836 2144 912 2221 ῥόδα,
939 2146 967 2205 ἐν

168 2234 287 2294 ἕκαστον
301 2236 365 2313 ἔχον
378 2233 510 2308 ἑξήκοντα
524 2233 630 2309 φύλλα,
645 2232 718 2311 ὀδμῇ
730 2259 762 2292 τε
775 2232 966 2308 ὑπερφέροντα

166 2325 221 2381 τῶν
231 2320 335 2381 ἄλλων.
363 2327 391 2381 ἐν
400 2321 526 2380 τούτοισι
537 2323 583 2379 καὶ
596 2321 612 2381 ό
627 2321 748 2396 Σιληνός
760 2324 837 2379 τοῖσι
851 2319 967 2395 κη’ποισι

166 2408 235 2484 ἥλω,
250 2409 285 2471 οἷς
298 2410 410 2489 λέγεται
423 2407 477 2468 όπδ
489 2408 665 2468 Μακεδόνων·
680 2407 749 2485 ὑπὲρ
763 2408 793 2466 δὲ
806 2412 861 2468 τῶν
874 2407 967 2483 κη’πων

167 2495 249 2572 οὖρος
262 2497 359 2568 κέεται,
375 2497 496 2573 Βέρμιον
510 2495 621 2574 οὕνομα,
634 2495 742 2572 ἄβατον
756 2495 810 2556 ὑπό
823 2499 966 2575 χειμῶνος.

167 2584 292 2644 ἐνθεῦτεν
306 2584 335 2642 δὲ
349 2583 525 2660 όρμειόμενοι,
541 2584 576 2647 οἷς
594 2585 697 2659 ταύτην
711 2585 806 2661 ἔσχον,
822 2584 967 2660 κατεστρέ-

121 2674 177 2731 139
189 2677 277 2746 φοντο
291 2674 336 2730 καὶ
349 2671 401 2746 τὴν
413 2671 505 2747 ἅλλην
523 2671 708 2747 Μακεδονίην.
738 2671 810 2730 Ἀπὸ
825 2671 967 2746 τοίτουδυ)

166 2762 217 2818 τοῦ
231 2760 388 2836 Περδίκκεω
400 2759 586 2836 Ἀλέξανδρος
601 2757 652 2820 ὧδε
667 2759 798 2840 ἐγεγόνεε.
828 2757 968 2835 Ἀμύντεω

169 2851 235 2911 ταῖς
255 2846 290 2923 ἧν
310 2847 500 2926 Ἀλέξανδρος·
527 2847 664 2924 Ἀμύντης
682 2847 711 2906 δὲ
726 2846 874 2906 Ἀλκέτεω·
901 2846 967 2906 Ἀλ-

167 2937 250 2997 κέτεω
276 2937 305 2996 δέ
328 2936 420 3014 πατὴρ
442 2936 477 3012 ἦν
502 2936 646 3012 Ἀέροπος·
680 2938 731 2995 τοῦ
758 2935 788 2994 δέ
814 2936 965 2998 Φίλιππος·

167 3025 310 3085 Φιλίππου
327 3025 356 3085 δὲ
373 3024 514 3106 Ἀργαῖος·
534 3028 584 3082 τοῦ
604 3023 633 3082 δὲ
652 3022 808 3100 Περδίκκης
826 3022 843 3082 ό
864 3021 966 3098 κτησά-

167 3139 250 3190 μενος
262 3113 314 3189 τὴν
327 3113 427 3192 ἀρχήν.
469 3111 594 3192 ἐγεγόνεε
607 3113 659 3186 μὲν
672 3110 706 3185 δή
721 3107 772 3169 ὧδε
785 3109 968 3187 Ἀλέξανδρος

169 3200 348 3277 όἈμόντεω.

122 3289 179 3345 140
227 3288 276 3351 Ὡς
288 3288 318 3347 δὲ
331 3287 445 3348 οἷπίκετο
459 3291 487 3348 ἐς
498 3284 549 3348 τάς
561 3283 682 3360 Ἀθήνας
700 3283 895 3360 ἀποπεμφθεὶς
914 3283 968 3346 ὑπὸ
