2268 3536
183 153 218 206 τι
493 153 674 204 ἯΡοιοτον
924 151 985 214 [v1.

190 235 216 290 οἱ
229 232 416 308 Λαμψακηνοὶ
436 231 612 310 λοχήσαντες
633 233 758 308 αἱρέουσι
774 233 884 312 ζωγρίῃ·
906 231 940 307 ἦν
959 233 988 291 δέ

189 317 205 376 ό
226 319 384 394 Μιλτιάδης
401 321 517 398 Κροίσῳ
536 323 573 397 τῷ
594 319 674 396 Λυδῷ
695 323 723 377 ἐν
744 319 840 399 γνώμῃ
858 320 986 400 γεγονός·

191 406 346 482 πυθόμενος
361 407 396 466 ὧν
410 407 425 466 ό
441 411 566 484 Κροῖσος
579 410 673 475 ταῦτα,
688 409 804 482 πέμπων
817 409 988 487 προηγόρευε

187 499 263 554 τοῖσι
285 499 503 573 Λαμψακηνοῖσι
521 496 642 571 μετιέναι
662 495 829 553 Μιλτιάδεα·
852 500 876 554 εἰ
893 497 922 555 δὲ
939 499 986 573 μή,

188 585 280 659 σφέας
301 586 397 646 πίτυος
418 582 523 659 τρόπον
545 582 657 642 ἀπείλεε
675 585 821 660 ἐκτρίψειν·
843 589 986 663 πλανωμέ·

189 699 241 732 νων
260 673 289 731 δὲ
308 677 362 731 τῶν
376 675 573 749 Λαμψακηνῶν
588 676 617 730 ἐν
630 675 706 730 τοῖσι
725 671 846 752 λόγοισι,
861 673 894 734 τό
912 676 990 745 θέλε·Ι

186 761 219 820 τό
234 763 299 822 ἔπος
314 759 383 818 εἶναι
396 759 429 818 τό
442 765 498 834 σφι
520 758 702 835 α’πείλησενό
718 764 850 837 Κροῖσος,
865 773 883 797 “
892 765 988 825 πίτυος

186 847 290 922 τρόπον
304 845 467 924 ἐκτρίψειν,”
480 848 563 927 μόγις
577 853 640 908 κοτὲ
655 851 751 926 μαθών
771 854 826 910 τῶν
842 877 884 914 τις
902 878 987 927 πρεσ-

187 937 313 1010 βυτέρων
331 935 390 994 εἶπε
412 935 445 994 τό
469 936 522 1004 ἐόν,
543 936 585 994 ὅτι
602 939 681 1000 πίτυς
699 937 787 1013 μούνη
804 938 913 998 πάντων
931 939 987 998 δεν-

187 1023 271 1099 δρέων
286 1028 436 1083 ἐκκοπεῖσα
449 1025 582 1098 βλαστόν
594 1025 691 1085 οὐδένα
704 1028 799 1102 μετίει,
811 1025 887 1086 άλλοὶ
898 1029 986 1088 πανοί-

187 1113 287 1188 λεθρος
309 1112 507 1182 ἐξαπόλλυται·
533 1114 672 1176 δείσαντες
692 1114 728 1174 ὧν
751 1118 776 1174 οἱ
799 1119 985 1193 Λαμψακηνοὶ

139 1203 177 1260 38
188 1205 322 1278 Κροῖσον,
336 1201 472 1265 λύσοντες
485 1207 607 1279 μετῆκαν
622 1202 789 1262 Μιλτιάδεα.
833 1203 923 1266 Οὗτος
936 1208 986 1280 μὲν

187 1291 219 1366 δή
242 1291 287 1350 διά
307 1295 434 1368 Κροῖσον
457 1291 593 1372 ἐκφεύγει·
615 1291 686 1367 μετοὶ
708 1292 745 1361 δὲ,
764 1295 881 1370 τελευτᾷ
904 1293 986 1354 ἄπαις

185 1379 237 1454 τήν
256 1379 345 1458 όρχήν
358 1406 389 1438 τε
404 1380 449 1438 καὶ
462 1379 498 1438 τά
512 1380 643 1458 χρήματα
662 1379 801 1455 παραδούς
815 1379 985 1456 Στησαγόρῃ

185 1471 223 1544 τῷ
237 1470 365 1542 Κίμωνος
379 1467 520 1540 ἀδελφεοῦ
532 1468 610 1525 παιδὶ
627 1466 808 1540 ὁμομητρίου·
831 1466 878 1522 καί
897 1469 923 1524 οἶ
942 1491 984 1522 τε·

185 1554 353 1628 λευτήσαντι
367 1558 577 1628 Χερσονησῖται
592 1553 697 1623 θόουσι,
714 1551 749 1612 ιός
763 1550 846 1626 νόμος
865 1555 983 1629 οἰκιστῇ,

186 1641 231 1698 καὶ
252 1640 346 1720 άγῶνα
366 1639 478 1698 ἱππικόν
496 1665 526 1696 τε
545 1639 590 1696 καὶ
607 1639 740 1718 γυμνικόν
758 1642 891 1696 ἐπιστᾶσι
906 1643 935 1697 ἐν
947 1645 984 1718 τῷ

184 1732 381 1804 Λαμψακηνῶν
404 1727 493 1785 οὐδενὶ
514 1726 650 1806 ἐγγίνεται
672 1725 864 1807 ἀγωνίζεσθαι.
900 1729 983 1786 πολέ-

184 1842 239 1892 μου
260 1816 289 1874 δὲ
306 1815 398 1877 ἐόντος
415 1814 485 1890 πρός
501 1813 717 1892 Λαμψακηνοῦς,
739 1817 783 1874 καὶ
800 1817 984 1898 Στησαγόρεα

185 1905 327 1979 κατέλαβε
345 1902 493 1962 ἀποθανεῖν
507 1902 619 1972 ἄπαιδα,
634 1905 778 1984 πληγέντα
791 1903 842 1979 τήν
856 1906 984 1981 κεφαλήν

184 1992 295 2050 πελέκεϊ
310 1997 338 2051 ἐν
350 1996 388 2070 τῷ
401 1993 557 2072 πρυτανηίῳ
572 1993 641 2068 πρός
653 1992 751 2069 άνδρός
763 1993 922 2070 αὐτομόλου
932 1998 984 2072 μὲν

184 2080 312 2161 τῷλόγῳ
330 2082 466 2157 πολεμίου
484 2081 512 2140 δὲ
530 2082 575 2140 καὶ
590 2081 814 2160 ὑποθερμοτέρου
827 2087 865 2164 τῷ
881 2086 958 2165 ἔργῳ.

138 2171 174 2226 39
225 2169 449 2245 Τελευτήσαντος
463 2170 492 2228 δὲ
511 2169 556 2228 καὶ
574 2172 760 2253 Στησαγόρεω
774 2173 866 2253 τρόπῳ
880 2173 982 2251 τοιῷδε,

186 2258 304 2317 ἐνθαῦτα
328 2259 485 2318 Μιλτιάδεα
509 2259 558 2319 τόν
582 2261 719 2336 Κίμωνος,
746 2261 932 2341 Στησαγόρεω
954 2262 983 2320 δὲ

184 2350 233 2404 τοῦ
258 2347 476 2422 τελευτήσαντος
500 2347 646 2423 ἀδελφεόν,
675 2348 928 2426 καταλαμψόμενον
948 2350 983 2408 τό

184 2433 335 2513 πρήγματα
360 2436 404 2492 ἐπὶ
428 2435 614 2511 Χερσονήσου
638 2435 852 2495 ἀποστέλλουσι
878 2437 984 2514 τριήρεϊ

184 2525 211 2580 οἱ
225 2523 466 2597 Πεισιστρατίδαι·
489 2523 518 2580 οἵ
535 2549 584 2597 μιν
603 2525 648 2580 καὶ
667 2529 695 2582 ἐν
715 2523 853 2601 Ἀθήνῃσι
876 2526 984 2584 ἐποίευν

185 2607 222 2677 εὖ,
248 2609 283 2671 οἷς
307 2607 339 2666 οὐ
364 2609 520 2670 συνειδότες
547 2610 629 2684 δῆθεν
652 2615 703 2669 τοῦ
726 2612 831 2687 πατρός
856 2612 983 2686 Κίμωνος

184 2695 269 2754 αὐτοῦ
283 2695 332 2756 τόν
347 2695 472 2766 θάνατον,
487 2697 536 2756 τόν
551 2696 604 2775 ἐγιό
619 2703 647 2755 ἐν
662 2697 741 2776 ἄλλῳ
756 2699 832 2777 λόγῳ
853 2701 982 2773 σημανέω

184 2781 219 2845 οἷς
236 2785 353 2864 ἐγένετο.
397 2784 553 2860 Μιλτιάδης
568 2785 597 2842 δὲ
614 2783 779 2860 ἀπικόμενος
802 2791 828 2848 ἐς
848 2785 899 2861 τήν
912 2793 981 2864 Χερ-

185 2871 310 2948 σόνησον
325 2873 381 2952 εἶχε
396 2873 454 2931 κατ’
470 2874 568 2942 οἴκους,
583 2872 631 2932 τόν
646 2873 784 2947 ἀδελφεόν
800 2877 981 2956 Στησαγόρεα

184 2960 291 3036 δηλαδή
306 2963 460 3038 ἐπιτιμέων·
482 2965 508 3021 οἶ
523 2961 551 3020 δὲ
562 2967 770 3038 Χερσονησῖται
782 2965 981 3041 πυνθανόμενοι

184 3053 279 3120 ταῦτα,
302 3051 515 3128 συνελέχθησαν
539 3049 594 3108 άπό
617 3052 728 3109 πασέων
752 3057 806 3111 τῶν
828 3055 934 3112 πολίων
956 3056 981 3112 οἶ

184 3138 395 3200 δυναστεύοντες
408 3139 554 3198 πάντοθεν·
576 3143 655 3218 κοινῷ
670 3139 699 3198 δὲ
713 3140 808 3221 στόλῳ
819 3141 981 3218 άπικόμενοι

186 3226 220 3288 οἷς
236 3226 531 3304 συλλυπηθησόμενοι,
552 3229 687 3304 ἐδέθησαν
707 3228 752 3288 ὕπ’
770 3230 864 3290 αὐτοῦ,
907 3234 980 3288 Μιλ-

183 3313 276 3389 τιάδης
296 3340 327 3373 τε
349 3314 382 3390 δή
402 3316 478 3394 ἴσχει
497 3317 548 3392 τήν
567 3316 759 3394 Χερσόνησον,
781 3319 978 3382 πεντακοσίους
