2268 3536
153 174 261 238 12-15]
507 173 619 221 πειτα.
924 173 955 220 ω

152 256 218 318 τούς
232 253 342 336 λόγους,
356 253 415 331 ἅμα
434 253 464 313 δέ
482 255 663 330 κατεφαίνετό
677 260 733 330 σφι
747 253 816 313 εἶναι
833 252 955 314 αἰδόνατα

152 345 188 403 τά
200 344 341 420 βασιλέος
353 342 506 425 πρήγματα
519 342 741 418 ὑπερβαλέσθαι,
754 341 782 400 εὖ
796 368 827 400 τε
841 340 954 401 ἐπιστά-

151 457 232 506 μενοι
254 429 297 500 ῶς,
315 435 338 490 εἰ
361 432 406 490 καὶ
423 430 456 490 τό
475 429 580 508 παρεόν
596 429 725 490 ναυτικόν
744 429 954 506 ὑπερβαλοίατο

152 519 202 578 τόν
229 523 357 596 Δαρεῖον,
382 518 457 578 ἄλλο
484 525 541 594 σφι
566 519 707 596 παρέσται
733 519 952 593 πενταπλήσιον,

152 607 314 683 προφάσιος
330 606 367 666 ῶν
386 606 596 684 ἐπιλαβόμεναι,
611 607 673 665 ἐπεί
688 632 719 665 τε
737 604 860 684 τάχιστα
882 606 954 665 εἶδον

152 695 217 758 τοιίς
231 694 329 758 Ἴωνας
350 694 530 772 άρνευμένους
552 695 621 754 εἶναι
642 693 792 773 χρηστοιίς,
816 699 845 752 ἐν
867 693 956 770 κέρδεϊ

153 787 295 844 ἐποιεῦντο
316 788 499 860 περιποιῆσαι
516 783 551 843 τά
564 809 595 842 τε
610 783 654 861 ἱρά
667 782 703 843 τά
718 783 844 860 σφέτερα
858 783 903 840 καὶ
917 781 953 841 τά

153 871 217 930 ἴδια.
259 871 319 932 ὅδὲ
332 871 445 948 Αἰάκης,
459 872 524 949 παρ’
538 871 601 932 ὅτευ
619 871 685 934 τοιίς
705 871 808 952 λόγους
828 871 954 930 ἐδέκοντο

153 962 179 1018 οἱ
201 959 312 1037 Σάμιοι,
334 964 401 1023 ταῖς
420 963 472 1036 μέν
495 959 531 1036 ἧν
553 961 735 1024 Συλοσῶντος
754 964 805 1018 τοῦ
826 959 952 1022 Αἰάκεος·

152 1045 282 1122 τύραννος
296 1048 326 1106 δέ
340 1048 390 1106 ἐῶν
405 1047 510 1125 Σάμου,
524 1046 578 1106 ὑπό
600 1052 650 1106 τοῦ
663 1049 809 1122 Μιλησίου
822 1047 952 1123 Ἀριστα-

153 1133 241 1212 γόρεω
254 1134 429 1212 ἀπεστέρητο
442 1135 494 1210 τήν
507 1135 606 1214 α’ρχήν,
621 1133 743 1211 κατάπερ
758 1138 784 1194 οἶ
798 1133 884 1194 ἄλλοι
903 1140 953 1210 τῆς

153 1219 257 1296 Ἰωνίης
275 1221 412 1298 τθραννοι.

195 1308 265 1368 Τότε
283 1308 320 1369 ῶν
336 1310 395 1368 ἐπεὶ
414 1309 559 1368 ἐπέπλωον
572 1312 598 1368 οἰ
611 1309 742 1377 Φοίνικες,
757 1312 783 1367 οἰ
797 1309 889 1372 Ἴωνες
907 1309 951 1368 α’ν-
963 1313 999 1370 14

153 1401 274 1479 τανῆγον
293 1398 339 1456 καὶ
357 1396 436 1456 αὐτοὶ
456 1397 506 1459 τάς
525 1398 587 1460 νέας
607 1397 653 1456 ἐπὶ
674 1397 763 1473 κέρας.
805 1396 840 1459 ῶς
860 1396 956 1456 δὲκαὶ·

153 1484 244 1566 ἀγχοῦ
257 1489 380 1567 ἐγίνοντο
394 1487 440 1544 καὶ
454 1483 805 1567 συνέμισγονάλλήλοισι,
816 1485 849 1545 τό
864 1487 952 1545 ε’νθεῦ-

152 1599 198 1632 τεν
211 1573 261 1633 οὐκ
274 1576 328 1653 ἔχω
342 1573 475 1650 α’τρεκέως
488 1574 651 1654 συγγράψαι
672 1573 770 1636 οἵτινες
787 1577 842 1633 τῶν
854 1573 952 1634 Ἰῶνων

153 1663 278 1742 ἐγένοντο
292 1662 387 1740 ἄνδρες
401 1663 480 1721 κακοὶ
493 1660 511 1738 ή
525 1661 627 1744 α’γαθοί
641 1665 670 1721 ἐν
683 1665 718 1740 τῇ
731 1663 870 1740 ναυμαχίῃ
887 1662 950 1721 ταθ-

152 1776 196 1828 τη·
216 1750 360 1826 α’λλήλους
380 1750 436 1832 γάρ
459 1754 660 1810 καταιτιῶνται.
702 1750 833 1830 λέγονται
854 1751 882 1809 δὲ
897 1750 950 1814 Σά-

152 1864 211 1913 μιοι
224 1840 349 1908 ἐνθαῦτα,
364 1839 433 1897 κατά
449 1838 485 1898 τά
504 1840 672 1920 συγκείμενα
687 1837 757 1914 πρός
769 1838 819 1898 τόν
832 1839 947 1907 Αἰάκεα,

151 1923 308 2001 άειράμενοι
319 1926 355 1985 τά
369 1927 445 1986 ἱστία
459 1926 630 1986 ἀποπλῶσαι
644 1931 674 1984 ἐκ
686 1929 736 2001 τῆς
749 1925 843 1995 τάξιος
857 1931 884 1988 ἐς
898 1927 950 2000 τήν

152 2012 254 2087 Σάμον,
268 2014 345 2090 πλὴν
364 2015 458 2073 ἕνδεκα
475 2018 551 2074 νεῶν·
572 2015 690 2073 τουτέων
703 2013 733 2071 δὲ
747 2017 774 2072 οἱ
787 2013 950 2090 τριήραρχοι

151 2103 305 2178 παρέμενον
326 2103 371 2160 καὶ
393 2102 572 2180 ἐναυμάχεον,
592 2099 852 2176 ἀνηκουστήσαντες
873 2105 950 2158 τοῖσι

151 2193 347 2270 στρατηγοῖσι·
369 2191 417 2248 καί
432 2196 489 2264 σφι
506 2189 539 2247 τό
560 2188 652 2246 κοινόν
671 2191 727 2245 τῶν
741 2188 852 2261 Σαμίων
868 2187 949 2246 ἔδωκε

151 2277 196 2335 διά
209 2281 291 2336 τοῦτο
304 2278 336 2336 τό
350 2281 469 2356 πρῆγμα
482 2281 511 2334 ἐν
524 2274 619 2352 στήλη
633 2273 830 2354 ἀναγραφῆναι
844 2274 946 2350 πατρό-

151 2364 206 2438 θεν,
218 2364 252 2427 ῶς
262 2365 380 2442 άνδράσι
394 2364 527 2444 ἀγαθοῖσι
539 2362 725 2442 γενομένοισι·
747 2361 792 2418 καί
806 2363 867 2420 ἔστι
880 2361 949 2439 αὕτη

150 2451 169 2527 ή
183 2451 277 2528 στήλη
292 2458 320 2511 ἐν
333 2456 369 2531 τῇ
383 2451 482 2532 α’γορῇ.
514 2449 632 2525 ἰδόμενοι
647 2449 676 2508 δὲ
690 2450 736 2507 καί
749 2451 871 2526 Λέσβιοι
884 2452 949 2516 τοιίς

150 2541 308 2618 προσεχέας
322 2539 485 2620 φεύγοντας,
495 2536 583 2598 τῶυτὸ
598 2538 706 2598 έποίευν
716 2541 793 2597 τοῖσι
804 2539 947 2616 Σαμίοισι·

151 2625 187 2688 ῶς
207 2627 237 2685 δέ
258 2629 304 2686 καὶ
325 2631 352 2686 οἱ
373 2631 490 2690 πλεῦνες
508 2629 564 2686 τῶν
579 2624 677 2686 Ἰώνων
696 2627 805 2686 ἐποίευν
822 2627 858 2686 τά
878 2627 948 2688 αὐτά

149 2718 247 2774 ταῦτα.
275 2720 337 2775 Τῶν
349 2716 379 2774 δὲ
392 2713 618 2792 παραμεινάντων
632 2719 660 2774 ἐν
672 2717 708 2793 τῇ
722 2717 861 2793 ναυμαχίη
871 2741 948 2793 περι·
959 2721 995 2776 15

151 2802 281 2878 ἔφθησαν
293 2805 453 2881 τρηχύτατα
463 2805 536 2871 Χῖοι,
552 2801 587 2864 ῶς
600 2801 826 2879 ἀποδεικνύμενοί
837 2830 867 2862 τε
881 2806 947 2885 ἔργα

150 2890 269 2967 λαμπρά
291 2893 336 2949 καί
360 2891 409 2950 οὐκ
433 2891 666 2952 ἐθελοκακέοντες.
707 2893 874 2970 παρείχοντο
897 2895 948 2967 μὲν

149 2976 213 3057 γάρ,
233 2977 326 3056 ὥσπερ
349 2979 395 3037 καὶ
415 2977 550 3054 πρότερον
574 2976 673 3054 εἰρέθη,
693 2978 755 3041 νέας
776 2979 881 3045 ἑκατόν,
902 2979 947 3036 καὶ

150 3065 193 3123 ἐπ’
205 3065 323 3143 ἑκάστης
336 3066 439 3126 αὐτέων
453 3065 552 3143 ἄνδρας
565 3066 772 3143 τεσσεράκοντα
785 3070 840 3125 τῶν
853 3065 946 3125 α’στῶν

149 3151 274 3233 λογάδας
292 3153 514 3231 ἐπιβατεύοντας.
557 3152 682 3230 ὁρέοντες
696 3154 725 3211 δὲ
738 3153 802 3215 τοίς
822 3154 946 3217 πολλοὺς

149 3244 205 3300 τῶν
221 3241 377 3320 συμμάχων
395 3241 583 3318 προδιδόντας,
597 3240 647 3299 οιίκ
667 3240 798 3298 ἐδικαίευν
816 3239 947 3319 γενέσθαι

149 3332 227 3388 τοῖσι
241 3333 352 3388 κακοῖσι
366 3329 456 3388 αὐτῶν
469 3329 571 3405 ὁμοῖοι·
592 3328 669 3387 ἀλλὰ
682 3326 741 3403 μετ’
756 3326 858 3406 ὀλίγων
876 3353 947 3404 συμ-
