2276 3538
189 140 236 187 11⁰
485 139 669 188 ἯΡΟΔΟΤΟΤ
923 137 983 202 [VJ.

189 218 358 295 προσέφερε·
379 219 455 283 ἐνδῦς
475 221 578 280 κιθιῦνα
599 220 687 299 μέγαν
704 220 750 278 καὶ
769 219 876 279 κόλπον
894 219 986 278 πολῦν

187 305 409 382 καταλιπόμενος
427 311 477 366 τοῦ
493 307 615 374 κιθῶνος,
630 305 776 380 κοθόρνους
796 305 860 368 τοῦς
876 304 986 382 εὕρισκε

188 393 352 468 εῦρυτάτους
374 395 467 458 ἐόντας
483 393 702 470 ῦποδησάμενος,
716 393 760 468 ἤϊε
773 399 801 456 ές
813 394 862 453 τόν
881 395 985 469 θησαυ-

184 481 234 558 ρδν
259 487 285 545 ἐς
309 481 359 542 τόν
383 486 416 540 οἱΙ
435 482 609 562 κατηγέοντο,
635 481 765 540 ἐσπεσῦν
789 482 819 540 δὲ
843 487 870 544 ἐς
893 483 985 559 σωρόν

185 569 340 650 ψήγματος,
361 573 458 646 πρῶτα
479 572 530 645 μέν
552 569 694 644 παρέσαξε
715 569 791 646 παρά
808 569 858 632 τὰς
879 571 985 646 κνήμας

184 661 233 716 τοῦ
254 662 362 736 χρυσοῦ
382 656 451 716 ὅσον
468 656 586 734 ἐχώρεον
599 659 626 715 οἱ
640 656 776 734 κόθορνοι·
797 657 868 734 μετοὶ
882 657 920 727 δὲ,
934 659 984 719 τόν

184 745 292 804 κόλπον
312 744 405 804 πάντα
425 743 607 819 πλησάμενος
627 749 744 822 χρυσοῦ,
760 746 805 803 καὶ
819 750 846 807 ἐς
859 745 908 808 τάς
927 747 983 823 τρί-

183 859 236 910 χας
256 836 306 907 τῆς
323 835 450 906 κεφαλῆς
464 830 603 894 διαπάσας
616 836 666 890 τοῦ
681 832 834 912 ψήγματος,
849 834 895 890 καὶ
908 831 983 893 ἄλλο

184 920 284 995 λοβῶν
306 925 333 981 ἐς
353 918 385 978 τό
402 918 504 995 στόμα,
520 919 593 994 ἐξῆῖε
614 925 643 978 ἐκ
662 925 711 979 τοῦ
733 921 874 996 θησαυροῦ
896 921 982 982 ἕλκων

184 1009 235 1080 μὲν
254 1004 336 1087 μόγις
356 1005 420 1070 τοῦς
434 1005 589 1082 κοθόρνους,
605 1009 689 1067 παντὶ
702 1009 733 1066 δέ
745 1035 797 1087 τεῳ
812 1009 890 1071 οίκώς
909 1013 981 1085 μᾶλ-

181 1098 234 1152 λον
254 1093 272 1170 ἢ
294 1093 437 1174 άνθρόπῳ·
465 1099 515 1154 τοῦ
538 1095 571 1154 τό
594 1121 625 1154 τε
649 1095 743 1172 στόμα
767 1097 911 1171 ἐβέβυστο
936 1098 981 1156 καὶ

182 1181 273 1242 πάντα
301 1182 446 1264 ἐξόγκωτο.
490 1183 583 1244 ἰδόντα
610 1183 640 1241 δὲ
662 1183 713 1243 τόν
741 1188 866 1260 Κροῖσον
892 1184 981 1263 γέλως

183 1271 297 1347 ἐσῆλθε
326 1272 374 1330 καί
395 1275 422 1331 οἱ
448 1271 539 1331 πάντα
561 1298 592 1331 τε
616 1274 705 1330 ἐκεῖνα
729 1272 806 1340 διδοῖ,
831 1272 877 1330 καὶ
901 1271 981 1347 πρός,

183 1361 261 1436 ἐτερα
291 1360 419 1436 δωρέεται
451 1359 500 1418 οὐκ
532 1359 647 1418 ἐλάσσω
675 1362 791 1418 ἐκείνων.
833 1358 903 1418 οὕτω
928 1361 980 1434 μὲν

183 1447 340 1522 ἐπλούτησε
355 1447 373 1521 ῆ
392 1449 463 1522 οῖκίη
480 1446 549 1521 αῦτη
567 1447 704 1526 μεγάλως·
727 1446 803 1506 καὶὸ
820 1445 980 1521 Ἀλκμαίων

182 1531 262 1596 οὗτος
289 1533 358 1592 οὕτω
385 1533 676 1609 τεθριπποτροφήσας,
699 1534 878 1610 Ὀλυμπιάδα
905 1533 980 1592 άναι-

138 1621 301 1696 126ρέεται.
343 1619 424 1678 Μετοὶ
448 1621 486 1690 δὲ,
507 1627 589 1701 γενεῆ
613 1622 724 1699 δευτέρη
745 1622 872 1698 ὕστερον,
895 1625 980 1680 Κλει-

182 1709 283 1782 σθένης
303 1735 351 1784 μιν
367 1709 382 1768 ὁ
398 1711 534 1771 Σικυῶνος
546 1709 678 1785 τύραννος
692 1709 802 1787 ἐξήειρε,
818 1709 889 1768 ὥστε
909 1715 978 1768 πολ-

181 1799 222 1874 λῷ
235 1795 458 1872 ὀνομαστοτέρην
467 1797 598 1876 γενέσθαι
612 1803 641 1855 ἐν
654 1801 730 1855 τοῖσι
740 1796 867 1873 Ἕλλησι
880 1795 897 1872 ῆ
911 1797 979 1874 πρό-

183 1909 263 1959 τερον
283 1883 326 1958 ῆν.
369 1885 536 1943 Κλεισθένεϊ
559 1883 613 1963 γάρ
636 1889 674 1962 τῷ
696 1885 905 1962 Ἀριστωνύμου
927 1889 979 1944 τοῦ

182 1970 314 2048 Μύρωνος
334 1975 384 2030 τοῦ
404 1971 523 2049 Ἀνδρέω
544 1973 649 2052 γίνεται
671 1973 793 2052 θυγάτηρ
816 1977 851 2049 τῇ
873 1970 979 2047 οὔνομα

180 2057 215 2134 ῆν
230 2058 394 2140 Ἀγαρίστη.
436 2060 537 2134 ταύτην
556 2059 688 2134 ἠθέλησε,
707 2058 850 2132 Ἑλλήνων
869 2059 979 2120 πάντων

182 2146 296 2223 ἐξευριῦν
319 2147 369 2206 τόν
396 2145 519 2222 ἄριστον,
547 2145 634 2224 τούτῳ
660 2149 777 2225 γυναῖκα
802 2148 977 2222 προσθεῖναι.

179 2233 342 2310 Ὀλυμπίων
363 2234 400 2292 ὧν
417 2234 515 2294 ἐόντων
532 2233 577 2291 καὶ
595 2237 676 2292 νικῶν
693 2239 721 2292 ἐν
739 2233 849 2292 αῦτοῖσι
867 2235 978 2311 τεθρίπ-

181 2349 224 2401 πῳ
238 2324 253 2381 ὁ
269 2319 451 2396 Κλεισθένης,
467 2322 594 2402 κήρυγμα
608 2320 767 2396 ἐποιήσατο,
784 2321 862 2384 ὅστις
874 2321 978 2398 Ἑλλή-

181 2436 234 2468 νων
256 2409 355 2468 ἐωυτόν
380 2408 453 2477 άξιοῖ
474 2410 660 2470 Κλεισθένεος
683 2409 814 2490 γαμβρόν
838 2410 977 2489 γενέσθαι,

182 2496 258 2572 ἥκειν
279 2503 306 2558 ἐς
326 2495 480 2571 ἑξηκοστὴν
497 2496 602 2573 ἡμέρην
615 2495 633 2572 ἢ
647 2498 692 2555 καὶ
706 2497 840 2574 πρότερον
858 2502 886 2560 ἐς
899 2499 978 2561 Σικυ·

181 2589 244 2653 ῶνα,
259 2583 294 2646 τός
313 2582 485 2660 κυρώσοντος
499 2585 686 2647 Κλεισθένεος
703 2585 752 2644 τόν
769 2584 861 2665 γάμον
879 2589 908 2644 ἐν
927 2589 978 2645 ε’νι-

180 2676 260 2751 αυτῷ,
283 2672 338 2731 άπό
360 2676 409 2747 τῆς
431 2671 582 2747 ἑξηκοστῆς
604 2673 759 2749 ἀρξαμένου
781 2673 894 2750 ἡμέρης.
937 2677 978 2731 ἐν·

180 2762 268 2820 θαῦτα
291 2759 436 2836 Ἑλλήνων
459 2760 524 2819 ὅσοι
548 2761 635 2834 σφίσι
658 2785 688 2818 τε
710 2759 820 2819 αὐτοῖσι
838 2760 912 2835 ῆσαν
932 2763 978 2818 καὶ

180 2848 272 2926 πάτρῃ
283 2848 477 2927 ἐξωγκωμένοι,
487 2848 614 2921 ἐφοίτεον
627 2853 792 2924 μνηστῆρες·
807 2851 883 2906 τοῖσι
893 2851 977 2906 Κλει·

179 2937 280 3011 σθένης
299 2937 345 2994 καὶ
365 2935 469 3012 δρόμον
483 2935 528 2992 καὶ
542 2935 719 3010 παλαίστρην
732 2936 921 3011 ποιησάμενος
935 2933 977 2993 ἐπ’

133 3025 189 3084 127
200 3023 272 3102 αὐτῷ
285 3024 372 3101 τούτῳ
386 3022 452 3100 εἶχε,
481 3020 553 3079 Ἀπῦ
567 3023 618 3096 μὲν
632 3021 665 3095 δῆ
679 3021 800 3097 Ἰταλίης
813 3023 884 3096 ἦλθε
894 3024 977 3098 Σμιν-

179 3111 288 3187 δυρίδης
304 3110 319 3169 ὁ
335 3107 533 3184 Ἱπποκράτεος
550 3109 708 3183 Συβαρίτης
726 3108 755 3170 ὃς
773 3111 817 3167 ἐπὶ
839 3114 977 3169 πλεῖστον

179 3197 213 3272 δῆ
232 3199 332 3276 χλιδῆς
351 3196 388 3256 εἶς
406 3193 476 3270 άνῆρ
496 3193 619 3252 άπίκετο·
640 3195 659 3269 ἦ
682 3195 711 3252 δὲ
728 3195 851 3272 Σύβαρις
869 3196 976 3272 ῆκμαζτ

178 3288 277 3343 τοῦτον
294 3283 343 3343 τόν
360 3281 462 3359 χρόνον
479 3281 615 3357 μάλιστα·
637 3283 683 3341 καὶ
700 3283 810 3358 Σιρίτης
829 3282 975 3359 Δάμασος,
