2276 3538
181 149 212 192 οε
487 142 672 192 Ἧιοιοτυυ
917 140 978 204 [vl.

182 224 212 281 δὲ
224 228 278 282 τῶν
293 223 511 301 ἐπισπαστήρων
524 223 623 302 εἴχετο·
645 225 671 280 οἱ
684 221 721 290 δέ,
736 221 798 280 ἐπεί
809 221 841 278 τέ
851 245 900 295 μιν
913 220 981 279 άπα-

182 311 292 370 σπάσαι
311 313 360 371 οὐκ
378 313 476 372 οἷοίτε
489 311 657 373 ἀπέλκοντες
676 311 806 390 ἐγίνοντο,
821 306 982 385 ἀποκόψαν-

180 427 225 462 τες
247 400 330 460 αὐτοῦ
353 401 402 464 τάς
423 407 517 480 χεῖρας
538 399 608 479 ἦγον
631 397 710 457 οὕτω·
732 401 822 476 χεῖρες
843 396 873 454 δὲ
895 401 982 456 κεῖναι

135 490 172 547 92
185 493 369 564 ἐμπεφυκυῖαι
382 489 457 564 ἦσαν
469 492 545 547 τοῖσι
559 490 782 562 ἐπισπαστῆρσι.
824 488 917 556 Ταῦτα
929 485 982 561 μέν

186 603 234 637 νυν
248 577 340 653 σφέας
353 576 452 638 αὐτοῦς
466 579 492 634 οἱ
506 579 651 654 Αἰγινῆται
667 573 832 653 ἐργάσαντο·
853 571 982 648 Ἀθηναί-

185 691 243 724 οισι
271 666 300 724 δέ
328 665 429 740 ἥκουσι
453 662 650 740 ἐναυμάχησαν
673 663 755 736 νηυσὶ
779 659 981 737 ἐβδομήκοντα·

183 754 352 814 ἑσσωθέντες
381 751 410 809 δὲ
438 755 473 829 τῇ
502 751 641 829 ναυμαχίῃ
666 749 849 808 ἐπεκαλέοντο
869 747 981 812 τούτους

184 839 285 902 αὐτους
302 839 366 900 τούς
390 839 436 897 καὶ
460 838 603 914 πρότερον,
624 837 775 918 Ἀργείους·
798 837 843 894 καὶ
867 835 902 912 δή
925 845 981 912 σφι

183 925 259 986 οὗτοι
280 929 332 1004 μὲν
355 926 445 986 οὐκέτι
462 928 626 1002 βοηθέουσι,
647 924 824 1003 μεμφόμενοι
842 923 886 983 ὅτι
905 929 981 1006 Αἰγι-

183 1019 257 1074 ναῖαι
271 1016 328 1078 νέες
340 1014 446 1096 ἀνάγκῃ
457 1016 635 1091 λαμφθεῖσαι
647 1012 702 1072 fin&
712 1013 886 1088 Κλεομένεος
897 1013 982 1091 ἔσχον

183 1129 213 1162 τε
228 1109 255 1167 ἐς
267 1103 318 1179 τήν
331 1102 484 1184 Ἀργολίδα
497 1103 589 1181 χώρην
611 1103 656 1162 καὶ
676 1101 880 1175 συναπέβησαν
893 1107 982 1159 Λακε-

184 1191 362 1268 δαιμονίοισι.
399 1193 608 1267 Ισυναπέβησαν
630 1191 659 1249 δέ
683 1189 728 1248 καὶ
752 1187 807 1247 άπδ
830 1190 982 1251 Σικυωνίων

185 1284 252 1340 νεῶν
274 1280 369 1358 ἄνδρες
386 1285 421 1360 τῇ
440 1281 511 1358 αὐτῇ
528 1280 614 1358 ταύτῃ
636 1280 758 1354 ἐσβολῇ.
801 1277 849 1334 καί
867 1283 923 1352 σφι
935 1276 981 1335 ὐπ’

182 1368 314 1450 Ἀργείων
336 1369 484 1446 ἐπεβλήθη
507 1370 599 1444 ζημίη,
618 1369 698 1446 χίλια
718 1365 844 1424 τάλαντα
864 1365 980 1435 ἐκτίσαι,

182 1457 353 1517 πεντακόσια
368 1459 519 1533 ἑκατέρους.
562 1455 705 1519 Σικυώνιοι
718 1454 770 1529 μέν
786 1479 834 1512 νυν
848 1453 981 1533 συγγνόν-

183 1570 227 1606 τες
241 1545 380 1620 άδικήσαι,
396 1543 592 1623 ὦμολόγησαν,
608 1543 705 1601 έκατὸν
717 1541 843 1600 τάλαντα
857 1543 981 1600 ἐκτίσαν-

182 1657 235 1700 τες,
260 1631 372 1706 α’ζήμιοι
399 1631 477 1689 εἶναι·
519 1634 666 1711 Αἰγινῆται
690 1630 719 1688 δὲ
747 1627 810 1688 οὕτε
837 1628 981 1709 συνεγινώ-

185 1745 287 1779 σκοντο
300 1718 375 1794 ἦσάν
388 1746 417 1778 τε
432 1718 639 1796 αὐθαδέστεροι.
670 1717 761 1792 διὰδή
777 1715 812 1776 ὧν
826 1723 882 1792 σφι
894 1720 981 1776 ταῦτα

185 1807 340 1883 δεομένοισι
363 1807 418 1866 άπδ
440 1809 491 1883 μὲν
511 1811 561 1865 τοῦ
583 1807 720 1883 δημοσίου
742 1803 828 1868 οὐδεὶς
849 1803 982 1884 Ἀργείων

185 1895 225 1953 ἐτι
246 1895 369 1970 ἐβοήθεε,
390 1895 533 1954 ἐθελονταὶ
553 1895 583 1953 δὲ
597 1899 624 1958 ἐς
637 1896 753 1972 χιλίους·
774 1893 826 1972 ἦγε
839 1892 868 1950 δέ
883 1891 982 1955 αὐτοδς

136 2001 139 2036 ῑ
184 1981 342 2062 στρατηγός
363 1981 433 2058 α’νήρ
454 1980 475 2061 ᾧ
496 1981 600 2058 οὕνομα
620 1981 794 2058 Εὐρυβάτης,
811 1979 982 2040 πεντάεθλον

185 2071 357 2146 ἐπασκήσας.
398 2072 502 2130 τούτων
524 2073 550 2129 οἶ
571 2074 687 2132 πλεῦνες
712 2069 760 2128 οὐκ
785 2067 982 2144 ἀπενόστησαν

184 2158 283 2229 ὀπίσω,
306 2159 370 2218 ἀλλ’
386 2159 569 2234 ἐτελεύτησαν
589 2157 633 2216 ὑπ’
651 2157 803 2232 Ἀθηναίων
824 2161 852 2215 ἐν
873 2157 981 2236 Αἰγίνῃ·

185 2247 267 2310 αὕτός
280 2248 309 2306 δὲ
323 2248 338 2308 ό
353 2247 511 2326 στρατηγὸς
527 2244 698 2322 Εὐρυβάτης,
712 2245 904 2322 μουνομαχίην
918 2249 982 2302 ἐπα·
1004 2271 1008 2277 ·

185 2337 281 2406 σκέων,
296 2339 369 2412 τρεῖς
382 2338 432 2411 μὲν
452 2334 551 2410 ἄνδρας
564 2333 657 2412 τρόπῳ
671 2332 785 2412 τοιούτῳ
807 2333 912 2401 κτείνει,
927 2331 982 2392 ὑπὸ

186 2424 215 2482 δὲ
227 2428 277 2482 τοῦ
287 2422 420 2498 τετάρτου
430 2421 578 2496 Σωφάνεος
591 2426 640 2480 τοῦ
656 2421 792 2484 Δεκελέος
800 2418 981 2495 ἀποθνήσκει.

139 2514 175 2569 93
187 2514 333 2591 Αἰγινῆται
342 2510 371 2567 δὲ
385 2513 462 2566 ἐοῦσι
476 2508 621 2568 ἀτάκτοισι
634 2507 809 2584 Ἀθηναίοισι
819 2507 983 2585 συμβαλόν-

185 2624 230 2660 τες
243 2601 310 2674 τῇσι
327 2597 410 2672 νηυσὶ
432 2598 570 2672 ἐνίκησαν·
594 2599 642 2656 καί
656 2603 753 2673 σφεων
767 2597 829 2658 νέας
847 2597 984 2672 τέσσερας

185 2685 296 2744 αὐτοῖσι
310 2684 427 2762 α’νδράσι
443 2685 527 2744 εἷλον.

138 2777 177 2834 94
226 2773 401 2848 Ἀθηναίοισι
421 2773 521 2850 μὲνδὴ
540 2773 664 2850 πόλεμος
682 2778 809 2849 συνῆπτο
822 2773 893 2850 πρδς
906 2778 983 2853 Αἰγι-

186 2861 278 2938 νήτας.
320 2860 383 2920 όδέ
402 2863 517 2938 Πέρσης
534 2861 566 2920 τά
587 2865 686 2920 ἑωυτοῦ
709 2862 805 2930 ἐποίεε,
826 2861 899 2920 ὥστε
920 2860 984 2921 ἅνα-

156 3013 157 3016 ,
185 2949 391 3028 μιμνήσκοντός
403 2976 433 3010 τε
448 2950 500 3006 αίεὶ
513 2953 562 3007 τοῦ
578 2947 746 3024 θεράποντος
758 2950 919 3025 μεμνῆσθαι
935 2975 985 3024 μιν

188 3043 242 3098 τῶν
261 3039 422 3113 Ἀθηναίων,
446 3037 491 3094 καὶ
515 3036 768 3111 Πεισιστρατιδέων
788 3038 983 3112 προσκατημέ-

187 3153 239 3186 νων
261 3127 306 3184 καὶ
327 3123 540 3200 διαβαλλόντων
561 3121 731 3196 Ἀθηναίους,
751 3121 809 3199 ἅμα
831 3123 860 3180 δὲ
878 3125 984 3198 βουλό-

185 3241 268 3290 μενος
290 3213 305 3272 ὁ
325 3215 451 3288 Δαρεῖος,
473 3208 574 3284 ταύτης
598 3209 728 3286 ἐχόμενος
746 3215 796 3285 τῆς
814 3210 984 3286 προφάσιος,

187 3299 433 3376 καταστρέφεσθαι
446 3301 497 3372 τῆς
509 3295 648 3358 Ἑλλάδος
661 3297 725 3359 τούς
737 3297 777 3372 μή
791 3297 890 3360 δόντας
911 3297 985 3376 αὐτῷ
