2276 3538
173 147 219 192 182
477 143 659 191 ἭΡοΔοτοτ
897 141 971 206 [νει.

109 227 181 284 ’153
230 223 277 286 Ἐς
295 223 325 282 δὲ
339 222 391 297 τήν
412 223 543 297 Σικελίην
564 222 649 281 ἄλλοι
664 245 695 279 τε
715 218 835 280 άπίκατο
855 219 974 302 ἄγγελοι

170 311 227 370 άπὸ
243 315 298 370 τῶν
311 310 468 388 συμμάχων
482 310 667 385 συμμίξοντες
685 309 799 377 Γέλωνι,
815 309 860 366 καὶ
879 309 973 384 δήκαὶ

170 399 226 460 άπδ
243 404 297 459 τῶν
314 399 538 475 Λακεδαιμονίων
556 396 690 476 Σύαγρος.
731 399 781 455 τοῦ
799 395 829 454 δὲ
848 397 972 462 Γέλωνος

170 488 269 550 τούτου
287 487 432 569 πρόγονος,
454 486 571 560 οἰκήτωρ
592 485 643 544 εἰίν
661 485 759 560 Γέλης,
778 483 813 560 ἦν
832 489 863 543 ε’κ
883 484 973 562 νήσου

170 577 265 652 Τήλου
291 580 341 652 τής
368 576 414 633 ε’πί
441 575 562 651 Τριοπίῳ
590 573 723 649 κειμένης·
755 570 785 634 ὃς
813 575 973 651 κτιζομένης

170 667 259 741 Γέλης
272 665 327 724 ύπό
338 664 455 723 Λινδίων
464 687 495 721 τε
507 665 562 720 τῶν
573 666 602 720 ἐκ
616 660 714 720 Ῥόδου
729 661 774 718 καὶ
787 660 971 740 Ἀντιφήμου,

171 755 219 812 ούκ
238 753 364 827 ε’λείφθη·
387 749 440 810 άναί
456 748 558 829 χρόνον
576 749 606 807 δὲ
624 747 710 808 αὐτοῦ
729 752 756 807 οἱ
775 748 911 830 άπύγοναι
927 777 972 832 γε·

170 841 279 917 νάμενοι
291 838 438 917 ἱροφάνται
450 841 505 896 τῶν
517 838 636 914 χθονίων
647 838 716 897 θεῶν
726 837 864 896 διετέλεον
873 838 970 912 ε’ύντες,

170 932 292 1004 Τηλίνεω
310 928 369 990 ἔνύς
387 953 434 986 τευ
453 931 507 986 τῶν
525 926 669 1007 προγόνων
687 927 864 1003 κτησαμένου
879 927 973 1008 τρόπῳ

169 1019 272 1096 τοιῷδε·
294 1023 321 1080 ἐς
342 1016 509 1092 Μακτώριον
526 1014 611 1074 πόλιν
627 1015 678 1090 τήν
698 1014 768 1091 ὑπὲρ
787 1015 877 1090 Γέλης
898 1020 971 1094 οἰκη-

168 1108 254 1182 μένην
278 1107 382 1186 ἔφυγον
406 1103 500 1181 ἄνδρες
527 1102 652 1172 Γελιύων,
678 1104 846 1166 ἑσσωθέντες
874 1104 971 1164 στάσι·

168 1193 283 1257 τούτους
296 1193 332 1253 ὦν
345 1191 361 1252 ὁ
375 1193 495 1268 Τηλίνης
509 1190 649 1271 κατήγαγε
664 1196 690 1253 ές
704 1193 805 1267 Γέλην,
818 1193 887 1270 ἔχων
897 1192 972 1252 ούδε-

168 1283 235 1360 μίαν
261 1282 366 1359 άνδρῶν
389 1281 503 1358 δύναμιν
528 1278 592 1338 ἀλλ’
616 1279 661 1356 ἱροὶ
684 1279 787 1339 τούτων
810 1284 866 1339 τῶν
892 1282 970 1341 θεῶν·

170 1371 233 1432 ὅθεν
253 1372 283 1430 δὲ
306 1369 376 1430 αύτιί
397 1371 484 1444 ἔλαβε
504 1366 523 1444 ἦ
544 1367 626 1431 αύτδς
650 1367 797 1443 ἐκτήσατο,
818 1373 901 1428 τοῦτο
922 1369 971 1429 ούκ

170 1461 223 1538 ἔχω
244 1463 339 1520 εἰπεῖν·
366 1457 491 1517 τούτοισι
512 1455 534 1514 δ’
556 1455 593 1515 ὧν
613 1457 729 1518 πίσυνος
750 1457 809 1526 εὀἰν,
831 1457 970 1540 κατήγαγε

170 1547 212 1606 ἐπ’
234 1545 255 1626 ᾧ
278 1571 309 1606 τε
334 1549 360 1604 οἰ
383 1544 518 1625 ἀπόγονοι
541 1543 626 1602 αὐτοῦ
651 1543 799 1621 ἱροφάνται
823 1549 878 1605 τῶν
902 1547 971 1608 θεῶν

170 1636 290 1695 ἔσονται.
332 1632 412 1710 θῶμά
432 1659 481 1709 μοι
500 1630 537 1691 ὧν
558 1633 603 1690 καὶ
623 1636 707 1692 τοῦτο
727 1634 825 1714 γέγονε
845 1634 916 1712 πρὸς
934 1639 971 1695 τά

169 1722 343 1799 πυνθάνομαι
357 1719 586 1801 κατεργάσασθαι
599 1720 721 1796 Τηλίνην
732 1722 812 1803 ἔργον
822 1727 969 1784 τοσοῦτον·

168 1811 204 1872 τιί
224 1813 341 1871 τοιαῦτα
360 1809 415 1890 γάρ
437 1811 504 1890 έργα
525 1808 557 1868 οὗ
574 1809 644 1886 πρὸς
663 1814 713 1868 τοῦ
731 1808 853 1874 ἅπαντας
872 1810 971 1888 ἀνδρὸς

170 1900 299 1977 νενόμικα
314 1899 451 1980 γίνεσθαι,
466 1896 543 1956 άλλεί
559 1897 629 1975 πρδς
646 1902 739 1976 ψυχῆς
753 1925 784 1957 τε
802 1898 909 1980 ἀγαθῆς
925 1901 971 1959 καί

168 1988 262 2066 ῥύμης
275 1986 412 2065 ἀνδρηίης·
429 1985 445 2046 ὁ
460 1986 489 2045 δὲ
502 1987 614 2066 λέγεται
627 1986 697 2063 πριίς
710 1990 760 2060 τῆς
775 1988 903 2063 Σικελίης
915 1991 971 2048 τῶν

169 2076 317 2154 οἰκητόρων
328 2077 363 2136 τά
376 2076 524 2135 ὑπεναντία
534 2074 644 2143 τούτων,
656 2077 809 2150 πεφυκέναι
821 2075 971 2153 θηλυδρίης

168 2192 199 2228 τε
220 2168 265 2226 καὶ
285 2165 481 2244 μαλακώτερος
502 2163 581 2238 άνήρ·
603 2162 673 2222 οὕτω
693 2163 745 2239 μέν
764 2190 812 2224 νυν
833 2164 971 2240 ἐκτήσατο

123 2257 179 2315 154
189 2261 272 2316 τοῦτο
289 2255 321 2314 τὸ
339 2257 430 2335 γέρας·
453 2251 615 2327 Κλεάνδρου
631 2252 661 2310 δὲ
676 2255 726 2311 τοῦ
748 2252 909 2329 Παντάρεος
928 2279 970 2314 τε·

169 2344 357 2419 λευτήσαντος
379 2342 429 2402 τδν
452 2341 526 2417 βίον,
552 2339 582 2402 ὃς
604 2339 782 2416 ἐτυράννευσε
805 2342 857 2417 μὲν
881 2341 971 2418 Γέλης

170 2431 239 2492 ἑπτά
253 2433 315 2490 έτεα
328 2431 447 2489 ἀπέθανε
458 2428 487 2486 δὲ
497 2427 552 2486 ύπδ
568 2427 723 2503 Σαβύλλου
737 2427 836 2504 άνδρδς
849 2428 969 2496 Γελάου,

170 2521 287 2579 ἐνθαῦτα
307 2515 502 2594 ἀναλαμβάνει
520 2515 571 2591 τήν
588 2516 760 2594 μουναρχίην
775 2515 970 2594 Ἱπποκράτης,

171 2606 333 2684 Κλεάνδρου
354 2605 404 2664 εἰδν
424 2604 571 2680 ἀδελφεός·
593 2605 704 2681 ἔχοντος
724 2604 754 2662 δὲ
772 2603 972 2680 Ἱπποκράτεος

169 2695 220 2770 τήν
232 2694 387 2772 τυραννίδα,
402 2693 417 2753 ὁ
434 2693 536 2776 Γέλων,
550 2692 601 2752 εἰδν
614 2692 736 2767 Τηλίνεω
753 2696 803 2751 τοῦ
817 2692 971 2768 ἱροφάντεω

169 2781 315 2860 ἀπόγονος,
329 2785 446 2841 πολλῶν
461 2780 520 2857 μετ’
534 2778 629 2854 ἄλλων
648 2780 694 2837 καὶ
711 2779 903 2856 Αἰνησιδήμου
920 2785 971 2842 τοῦ

171 2875 314 2930 Παταϊκοῦ
324 2869 355 2933 ὃς
364 2869 399 2945 ἦν
409 2869 564 2946 δορυφόρος
576 2867 774 2942 Ἱπποκράτεος
786 2913 888 2928 .....
899 2869 971 2946 μετὰ

170 2959 200 3018 δὲ
213 2957 245 3018 ού
260 2959 371 3018 πολλὸν
383 2957 484 3036 χρόνον
498 2955 531 3014 δι’
545 2954 645 3031 ἀρετήν
659 2953 800 3033 ἀπεδέχθη
813 2956 908 3033 πάσης
920 2962 971 3034 τῆς

172 3048 257 3107 ἰππου
282 3047 350 3106 εἰναι
373 3047 521 3122 ἵππαρχος.
563 3043 776 3119 πολιορκέοντος
799 3044 854 3125 γάρ
876 3044 971 3105 Ἱππο-

171 3136 283 3212 κράτεος
311 3133 526 3193 Καλλιπολίτας
551 3156 583 3190 τε
605 3130 650 3188 καὶ
674 3131 804 3202 Ναξίους,
830 3132 875 3190 καὶ
899 3139 971 3215 Ζαγ-

170 3225 283 3286 κλαίους
302 3249 334 3282 τε
355 3221 400 3279 καί
416 3218 585 3287 Λεοντίνους,
603 3218 649 3275 καὶ
667 3217 745 3294 πρός,
766 3221 971 3297 Συρηκουσίους

169 3336 201 3369 τε
224 3311 270 3367 καὶ
292 3314 346 3368 τῶν
369 3305 525 3382 βαρβάρων
546 3304 675 3382 συχνούς,
697 3305 767 3381 ἀνήρ
788 3310 918 3382 ἐφαίνετο
942 3316 971 3370 έν
