<?xml version="1.0" encoding="UTF-8"?>
<!DOCTYPE html PUBLIC "-//W3C//DTD XHTML 1.0 Transitional//EN"
    "http://www.w3.org/TR/xhtml1/DTD/xhtml1-transitional.dtd">
<html xmlns="http://www.w3.org/1999/xhtml" xml:lang="en" lang="en">
 <head>
  <title>
</title>
<meta http-equiv="Content-Type" content="text/html;charset=utf-8" />
  <meta name='ocr-system' content='tesseract 3.04.00' />
  <meta name='ocr-capabilities' content='ocr_page ocr_carea ocr_par ocr_line ocrx_word'/>
</head>
<body>
  <div class='ocr_page' id='page_1' title='image "./herodotusrecens02blakgoog_0080.png"; bbox 0 0 2268 3536; ppageno 0'>
   <div class='ocr_carea' id='block_1_1' title="bbox 140 169 988 3415">
    <p class='ocr_par' dir='ltr' id='par_1_1' title="bbox 184 169 988 766">
     <span class='ocr_line' id='line_1_1' title="bbox 191 169 986 234; baseline -0.005 -13"><span class='ocrx_word' id='word_1_1' title='bbox 191 171 221 221; x_wconf 81' lang='grc' dir='ltr'>ιο</span> <span class='ocrx_word' id='word_1_2' title='bbox 495 173 676 220; x_wconf 72' lang='grc' dir='ltr'>Ἠνοιουου</span> <span class='ocrx_word' id='word_1_3' title='bbox 925 169 986 234; x_wconf 82' lang='lat' dir='ltr'>[VJ.</span> 
     </span>
     <span class='ocr_line' id='line_1_2' title="bbox 191 247 986 328; baseline 0.003 -23"><span class='ocrx_word' id='word_1_4' title='bbox 191 251 235 306; x_wconf 86' lang='grc' dir='ltr'>καὶ</span> <span class='ocrx_word' id='word_1_5' title='bbox 256 249 364 307; x_wconf 77' lang='grc' dir='ltr'>ἐποίευν</span> <span class='ocrx_word' id='word_1_6' title='bbox 385 250 445 308; x_wconf 74' lang='grc' dir='ltr'>ἀντὶ</span> <span class='ocrx_word' id='word_1_7' title='bbox 465 249 534 309; x_wconf 79' lang='grc' dir='ltr'>εἶναι</span> <span class='ocrx_word' id='word_1_8' title='bbox 550 249 676 328; x_wconf 81' lang='grc' dir='ltr'>ἐνόρχιας</span> <span class='ocrx_word' id='word_1_9' title='bbox 690 247 843 327; x_wconf 74' lang='grc' dir='ltr'>εὐνούχους,</span> <span class='ocrx_word' id='word_1_10' title='bbox 859 249 905 307; x_wconf 87' lang='grc' dir='ltr'>καὶ</span> <span class='ocrx_word' id='word_1_11' title='bbox 919 275 986 325; x_wconf 88' lang='grc' dir='ltr'>παρ·</span> 
     </span>
     <span class='ocr_line' id='line_1_3' title="bbox 189 335 988 413; baseline 0.003 -19"><span class='ocrx_word' id='word_1_12' title='bbox 189 337 284 398; x_wconf 84' lang='grc' dir='ltr'>θένους</span> <span class='ocrx_word' id='word_1_13' title='bbox 296 337 346 400; x_wconf 84' lang='grc' dir='ltr'>τάς</span> <span class='ocrx_word' id='word_1_14' title='bbox 360 337 602 400; x_wconf 80' lang='grc' dir='ltr'>καλλιστευούσας</span> <span class='ocrx_word' id='word_1_15' title='bbox 618 335 818 400; x_wconf 76' lang='grc' dir='ltr'>ἀνασπάστους</span> <span class='ocrx_word' id='word_1_16' title='bbox 838 337 915 413; x_wconf 82' lang='grc' dir='ltr'>παρά</span> <span class='ocrx_word' id='word_1_17' title='bbox 934 339 988 412; x_wconf 89' lang='grc' dir='ltr'>βα-</span> 
     </span>
     <span class='ocr_line' id='line_1_4' title="bbox 187 424 987 502; baseline 0.003 -20"><span class='ocrx_word' id='word_1_18' title='bbox 187 425 281 483; x_wconf 90' lang='grc' dir='ltr'>σιλέα·</span> <span class='ocrx_word' id='word_1_19' title='bbox 303 425 390 484; x_wconf 78' lang='grc' dir='ltr'>ταῦτά</span> <span class='ocrx_word' id='word_1_20' title='bbox 408 452 438 486; x_wconf 86' lang='grc' dir='ltr'>τε</span> <span class='ocrx_word' id='word_1_21' title='bbox 457 425 491 501; x_wconf 82' lang='grc' dir='ltr'>δή</span> <span class='ocrx_word' id='word_1_22' title='bbox 514 427 621 483; x_wconf 89' lang='grc' dir='ltr'>ἐποίευν</span> <span class='ocrx_word' id='word_1_23' title='bbox 636 425 681 482; x_wconf 83' lang='grc' dir='ltr'>καὶ</span> <span class='ocrx_word' id='word_1_24' title='bbox 695 424 745 486; x_wconf 84' lang='grc' dir='ltr'>τάς</span> <span class='ocrx_word' id='word_1_25' title='bbox 758 425 860 488; x_wconf 90' lang='grc' dir='ltr'>πόλιας</span> <span class='ocrx_word' id='word_1_26' title='bbox 881 427 987 502; x_wconf 86' lang='grc' dir='ltr'>ἐνεπίμ-</span> 
     </span>
     <span class='ocr_line' id='line_1_5' title="bbox 190 510 988 591; baseline 0.004 -20"><span class='ocrx_word' id='word_1_27' title='bbox 190 538 305 590; x_wconf 91' lang='grc' dir='ltr'>πρασαν</span> <span class='ocrx_word' id='word_1_28' title='bbox 327 513 438 573; x_wconf 85' lang='grc' dir='ltr'>αύτοῖσι</span> <span class='ocrx_word' id='word_1_29' title='bbox 459 517 535 574; x_wconf 83' lang='grc' dir='ltr'>τοῖσι</span> <span class='ocrx_word' id='word_1_30' title='bbox 558 515 653 588; x_wconf 82' lang='grc' dir='ltr'>ἱροῖσι.</span> <span class='ocrx_word' id='word_1_31' title='bbox 695 510 766 571; x_wconf 87' lang='grc' dir='ltr'>ούτω</span> <span class='ocrx_word' id='word_1_32' title='bbox 790 513 819 572; x_wconf 79' lang='grc' dir='ltr'>δὲ</span> <span class='ocrx_word' id='word_1_33' title='bbox 840 513 872 574; x_wconf 88' lang='grc' dir='ltr'>τό</span> <span class='ocrx_word' id='word_1_34' title='bbox 895 515 988 591; x_wconf 88' lang='grc' dir='ltr'>τρίτον</span> 
     </span>
     <span class='ocr_line' id='line_1_6' title="bbox 184 600 988 678; baseline 0.001 -18"><span class='ocrx_word' id='word_1_35' title='bbox 184 600 276 666; x_wconf 84' lang='grc' dir='ltr'>Ἴωνες</span> <span class='ocrx_word' id='word_1_36' title='bbox 290 602 546 677; x_wconf 78' lang='grc' dir='ltr'>κατεδουλώθησαν,</span> <span class='ocrx_word' id='word_1_37' title='bbox 561 603 672 676; x_wconf 78' lang='grc' dir='ltr'>πρῶτον</span> <span class='ocrx_word' id='word_1_38' title='bbox 689 603 741 678; x_wconf 77' lang='grc' dir='ltr'>μὲν</span> <span class='ocrx_word' id='word_1_39' title='bbox 760 600 814 660; x_wconf 83' lang='grc' dir='ltr'>ύπό</span> <span class='ocrx_word' id='word_1_40' title='bbox 828 601 933 672; x_wconf 79' lang='grc' dir='ltr'>λυδῶν,</span> <span class='ocrx_word' id='word_1_41' title='bbox 948 602 988 666; x_wconf 79' lang='grc' dir='ltr'>δὶς</span> 
     </span>
     <span class='ocr_line' id='line_1_7' title="bbox 188 685 895 766; baseline -0.004 -17"><span class='ocrx_word' id='word_1_42' title='bbox 188 691 217 749; x_wconf 83' lang='grc' dir='ltr'>δὲ</span> <span class='ocrx_word' id='word_1_43' title='bbox 239 693 337 766; x_wconf 78' lang='grc' dir='ltr'>ἐπεξῆς</span> <span class='ocrx_word' id='word_1_44' title='bbox 356 690 420 750; x_wconf 88' lang='grc' dir='ltr'>τότε</span> <span class='ocrx_word' id='word_1_45' title='bbox 440 689 494 749; x_wconf 81' lang='grc' dir='ltr'>ύπό</span> <span class='ocrx_word' id='word_1_46' title='bbox 516 689 659 765; x_wconf 89' lang='grc' dir='ltr'>Περσέων.</span> <span class='ocrx_word' id='word_1_47' title='bbox 893 685 895 692; x_wconf 48' lang='grc'><strong>“</strong></span> 
     </span>
    </p>

    <p class='ocr_par' dir='ltr' id='par_1_2' title="bbox 140 776 988 2705">
     <span class='ocr_line' id='line_1_8' title="bbox 140 776 987 855; baseline 0.001 -19"><span class='ocrx_word' id='word_1_48' title='bbox 140 781 178 837; x_wconf 86' lang='grc'>33</span> <span class='ocrx_word' id='word_1_49' title='bbox 229 779 301 837; x_wconf 85' lang='grc' dir='ltr'>Ἀπό</span> <span class='ocrx_word' id='word_1_50' title='bbox 316 780 345 837; x_wconf 80' lang='grc' dir='ltr'>δὲ</span> <span class='ocrx_word' id='word_1_51' title='bbox 353 778 457 852; x_wconf 87' lang='grc' dir='ltr'>Ἰωνίης</span> <span class='ocrx_word' id='word_1_52' title='bbox 464 777 724 853; x_wconf 80' lang='grc' dir='ltr'>ἀπαλλασσόμενος</span> <span class='ocrx_word' id='word_1_53' title='bbox 738 776 753 836; x_wconf 86' lang='grc' dir='ltr'>ὁ</span> <span class='ocrx_word' id='word_1_54' title='bbox 768 777 895 840; x_wconf 80' lang='grc' dir='ltr'>ναυτικάς</span> <span class='ocrx_word' id='word_1_55' title='bbox 904 805 987 855; x_wconf 91' lang='grc' dir='ltr'>στρα-</span> 
     </span>
     <span class='ocr_line' id='line_1_9' title="bbox 187 863 988 942; baseline 0 -17"><span class='ocrx_word' id='word_1_56' title='bbox 187 866 235 928; x_wconf 83' lang='grc' dir='ltr'>τός</span> <span class='ocrx_word' id='word_1_57' title='bbox 254 866 289 925; x_wconf 84' lang='grc' dir='ltr'>τά</span> <span class='ocrx_word' id='word_1_58' title='bbox 311 866 352 924; x_wconf 84' lang='grc' dir='ltr'>ἐπ’</span> <span class='ocrx_word' id='word_1_59' title='bbox 374 864 508 942; x_wconf 77' lang='grc' dir='ltr'>ἀριστερά</span> <span class='ocrx_word' id='word_1_60' title='bbox 530 866 680 924; x_wconf 79' lang='grc' dir='ltr'>ἐσπλέοντι</span> <span class='ocrx_word' id='word_1_61' title='bbox 701 869 750 925; x_wconf 84' lang='grc' dir='ltr'>τοῦ</span> <span class='ocrx_word' id='word_1_62' title='bbox 771 863 988 940; x_wconf 78' lang='grc' dir='ltr'>Ἑλλησπόντου</span> 
     </span>
     <span class='ocr_line' id='line_1_10' title="bbox 187 952 987 1034; baseline 0.001 -23"><span class='ocrx_word' id='word_1_63' title='bbox 187 956 262 1030; x_wconf 83' lang='grc' dir='ltr'>αἵρεε</span> <span class='ocrx_word' id='word_1_64' title='bbox 275 953 375 1013; x_wconf 88' lang='grc' dir='ltr'>πάντα·</span> <span class='ocrx_word' id='word_1_65' title='bbox 396 953 432 1012; x_wconf 82' lang='grc' dir='ltr'>τά</span> <span class='ocrx_word' id='word_1_66' title='bbox 444 954 499 1034; x_wconf 83' lang='grc' dir='ltr'>γάρ</span> <span class='ocrx_word' id='word_1_67' title='bbox 521 955 566 1012; x_wconf 85' lang='grc' dir='ltr'>ἐπὶ</span> <span class='ocrx_word' id='word_1_68' title='bbox 587 954 662 1022; x_wconf 80' lang='grc' dir='ltr'>δεξιά</span> <span class='ocrx_word' id='word_1_69' title='bbox 677 953 788 1013; x_wconf 78' lang='grc' dir='ltr'>αὐτοῖσι</span> <span class='ocrx_word' id='word_1_70' title='bbox 801 952 900 1034; x_wconf 79' lang='grc' dir='ltr'>[τοῖσι]</span> <span class='ocrx_word' id='word_1_71' title='bbox 916 955 987 1030; x_wconf 87' lang='grc' dir='ltr'>Πέρ-</span> 
     </span>
     <span class='ocr_line' id='line_1_11' title="bbox 187 1041 988 1124; baseline 0.001 -23"><span class='ocrx_word' id='word_1_72' title='bbox 187 1069 259 1121; x_wconf 84' lang='grc' dir='ltr'>σησι</span> <span class='ocrx_word' id='word_1_73' title='bbox 279 1041 425 1121; x_wconf 75' lang='grc' dir='ltr'>ὑποχείρια</span> <span class='ocrx_word' id='word_1_74' title='bbox 441 1041 476 1118; x_wconf 79' lang='grc' dir='ltr'>ἦν</span> <span class='ocrx_word' id='word_1_75' title='bbox 489 1042 625 1124; x_wconf 78' lang='grc' dir='ltr'>γεγονότα</span> <span class='ocrx_word' id='word_1_76' title='bbox 646 1042 704 1101; x_wconf 82' lang='grc' dir='ltr'>κατ’</span> <span class='ocrx_word' id='word_1_77' title='bbox 718 1041 842 1117; x_wconf 85' lang='grc' dir='ltr'>ἤπειρον.</span> <span class='ocrx_word' id='word_1_78' title='bbox 885 1043 940 1101; x_wconf 81' lang='grc' dir='ltr'>εἶσὶ</span> <span class='ocrx_word' id='word_1_79' title='bbox 958 1043 988 1102; x_wconf 82' lang='grc' dir='ltr'>δέ</span> 
     </span>
     <span class='ocr_line' id='line_1_12' title="bbox 187 1130 988 1210; baseline 0.004 -20"><span class='ocrx_word' id='word_1_80' title='bbox 187 1137 216 1190; x_wconf 88' lang='grc' dir='ltr'>ἐν</span> <span class='ocrx_word' id='word_1_81' title='bbox 229 1135 264 1210; x_wconf 82' lang='grc' dir='ltr'>τῇ</span> <span class='ocrx_word' id='word_1_82' title='bbox 277 1130 398 1210; x_wconf 83' lang='grc' dir='ltr'>Εύριύπῃ</span> <span class='ocrx_word' id='word_1_83' title='bbox 417 1132 476 1190; x_wconf 83' lang='grc' dir='ltr'>αἵδε</span> <span class='ocrx_word' id='word_1_84' title='bbox 493 1136 543 1192; x_wconf 85' lang='grc' dir='ltr'>τοῦ</span> <span class='ocrx_word' id='word_1_85' title='bbox 556 1131 783 1207; x_wconf 85' lang='grc' dir='ltr'>Ἑλλησπόντου·</span> <span class='ocrx_word' id='word_1_86' title='bbox 805 1130 988 1207; x_wconf 88' lang='grc' dir='ltr'>Χερσόνησός</span> 
     </span>
     <span class='ocr_line' id='line_1_13' title="bbox 186 1219 987 1301; baseline -0.002 -22"><span class='ocrx_word' id='word_1_87' title='bbox 186 1246 218 1279; x_wconf 89' lang='grc' dir='ltr'>τε</span> <span class='ocrx_word' id='word_1_88' title='bbox 232 1225 260 1279; x_wconf 91' lang='grc' dir='ltr'>ἐν</span> <span class='ocrx_word' id='word_1_89' title='bbox 273 1224 309 1299; x_wconf 75' lang='grc' dir='ltr'>τῇ</span> <span class='ocrx_word' id='word_1_90' title='bbox 322 1221 419 1282; x_wconf 85' lang='grc' dir='ltr'>πόλιες</span> <span class='ocrx_word' id='word_1_91' title='bbox 440 1222 542 1301; x_wconf 86' lang='grc' dir='ltr'>συχναὶ</span> <span class='ocrx_word' id='word_1_92' title='bbox 561 1222 653 1293; x_wconf 84' lang='grc' dir='ltr'>ἔνεισι,</span> <span class='ocrx_word' id='word_1_93' title='bbox 670 1221 716 1278; x_wconf 82' lang='grc' dir='ltr'>καὶ</span> <span class='ocrx_word' id='word_1_94' title='bbox 731 1220 874 1295; x_wconf 79' lang='grc' dir='ltr'>Πέρινθος,</span> <span class='ocrx_word' id='word_1_95' title='bbox 891 1221 935 1277; x_wconf 83' lang='grc' dir='ltr'>καὶ</span> <span class='ocrx_word' id='word_1_96' title='bbox 952 1219 987 1278; x_wconf 81' lang='grc' dir='ltr'>τά</span> 
     </span>
     <span class='ocr_line' id='line_1_14' title="bbox 187 1306 985 1388; baseline -0.004 -21"><span class='ocrx_word' id='word_1_97' title='bbox 187 1309 281 1388; x_wconf 88' lang='grc' dir='ltr'>τείχεα</span> <span class='ocrx_word' id='word_1_98' title='bbox 297 1308 333 1368; x_wconf 84' lang='grc' dir='ltr'>τιϊ</span> <span class='ocrx_word' id='word_1_99' title='bbox 351 1311 396 1368; x_wconf 83' lang='grc' dir='ltr'>ἐπὶ</span> <span class='ocrx_word' id='word_1_100' title='bbox 409 1311 537 1386; x_wconf 79' lang='grc' dir='ltr'>Θρηίκης,</span> <span class='ocrx_word' id='word_1_101' title='bbox 553 1309 598 1367; x_wconf 84' lang='grc' dir='ltr'>καὶ</span> <span class='ocrx_word' id='word_1_102' title='bbox 614 1307 761 1383; x_wconf 76' lang='grc' dir='ltr'>Σηλυβρίη</span> <span class='ocrx_word' id='word_1_103' title='bbox 775 1332 806 1364; x_wconf 92' lang='grc' dir='ltr'>τε</span> <span class='ocrx_word' id='word_1_104' title='bbox 824 1307 870 1363; x_wconf 85' lang='grc' dir='ltr'>καὶ</span> <span class='ocrx_word' id='word_1_105' title='bbox 885 1306 985 1375; x_wconf 87' lang='grc' dir='ltr'>Βυζάν-</span> 
     </span>
     <span class='ocr_line' id='line_1_15' title="bbox 186 1392 985 1474; baseline -0.011 -18"><span class='ocrx_word' id='word_1_106' title='bbox 186 1425 255 1457; x_wconf 90' lang='grc' dir='ltr'>τιον.</span> <span class='ocrx_word' id='word_1_107' title='bbox 298 1399 443 1469; x_wconf 79' lang='grc' dir='ltr'>Βυζάντιοι</span> <span class='ocrx_word' id='word_1_108' title='bbox 463 1400 515 1474; x_wconf 90' lang='grc' dir='ltr'>μέν</span> <span class='ocrx_word' id='word_1_109' title='bbox 535 1425 583 1456; x_wconf 90' lang='grc' dir='ltr'>νυν</span> <span class='ocrx_word' id='word_1_110' title='bbox 604 1398 650 1454; x_wconf 83' lang='grc' dir='ltr'>καὶ</span> <span class='ocrx_word' id='word_1_111' title='bbox 666 1398 692 1452; x_wconf 87' lang='grc' dir='ltr'>οϊ</span> <span class='ocrx_word' id='word_1_112' title='bbox 706 1394 825 1468; x_wconf 80' lang='grc' dir='ltr'>πέρηθεν</span> <span class='ocrx_word' id='word_1_113' title='bbox 841 1392 985 1465; x_wconf 86' lang='grc' dir='ltr'>Χαλκηδό-</span> 
     </span>
     <span class='ocr_line' id='line_1_16' title="bbox 187 1477 985 1562; baseline -0.015 -16"><span class='ocrx_word' id='word_1_114' title='bbox 187 1513 241 1546; x_wconf 87' lang='grc' dir='ltr'>νιοι</span> <span class='ocrx_word' id='word_1_115' title='bbox 259 1486 314 1545; x_wconf 72' lang='grc' dir='ltr'>ουδ’</span> <span class='ocrx_word' id='word_1_116' title='bbox 327 1487 475 1562; x_wconf 89' lang='grc' dir='ltr'>ύπέμειναν</span> <span class='ocrx_word' id='word_1_117' title='bbox 495 1485 677 1543; x_wconf 89' lang='grc' dir='ltr'>ἐπιπλέοντας</span> <span class='ocrx_word' id='word_1_118' title='bbox 692 1480 755 1540; x_wconf 84' lang='grc' dir='ltr'>τούς</span> <span class='ocrx_word' id='word_1_119' title='bbox 769 1480 904 1545; x_wconf 85' lang='grc' dir='ltr'>Φοίνικας,</span> <span class='ocrx_word' id='word_1_120' title='bbox 920 1477 985 1535; x_wconf 73' lang='grc' dir='ltr'>ἄλλ’</span> 
     </span>
     <span class='ocr_line' id='line_1_17' title="bbox 189 1563 986 1652; baseline -0.009 -21"><span class='ocrx_word' id='word_1_121' title='bbox 189 1575 299 1652; x_wconf 82' lang='grc' dir='ltr'>οἴχοντο</span> <span class='ocrx_word' id='word_1_122' title='bbox 320 1572 506 1632; x_wconf 76' lang='grc' dir='ltr'>ἀπολιπόντες</span> <span class='ocrx_word' id='word_1_123' title='bbox 521 1570 574 1644; x_wconf 79' lang='grc' dir='ltr'>τήν</span> <span class='ocrx_word' id='word_1_124' title='bbox 587 1569 727 1643; x_wconf 82' lang='grc' dir='ltr'>σφετέρην</span> <span class='ocrx_word' id='word_1_125' title='bbox 749 1567 803 1622; x_wconf 84' lang='grc' dir='ltr'>ἔσω</span> <span class='ocrx_word' id='word_1_126' title='bbox 824 1569 851 1625; x_wconf 90' lang='grc' dir='ltr'>ἐς</span> <span class='ocrx_word' id='word_1_127' title='bbox 871 1563 920 1623; x_wconf 82' lang='grc' dir='ltr'>τόν</span> <span class='ocrx_word' id='word_1_128' title='bbox 934 1564 986 1624; x_wconf 83' lang='grc' dir='ltr'>Εύ·</span> 
     </span>
     <span class='ocr_line' id='line_1_18' title="bbox 188 1652 985 1730; baseline -0.008 -11"><span class='ocrx_word' id='word_1_129' title='bbox 188 1661 276 1730; x_wconf 85' lang='grc' dir='ltr'>ξεινον</span> <span class='ocrx_word' id='word_1_130' title='bbox 297 1659 408 1718; x_wconf 88' lang='grc' dir='ltr'>πόντον·</span> <span class='ocrx_word' id='word_1_131' title='bbox 429 1660 474 1716; x_wconf 90' lang='grc' dir='ltr'>καὶ</span> <span class='ocrx_word' id='word_1_132' title='bbox 496 1658 614 1716; x_wconf 86' lang='grc' dir='ltr'>ἐνθαῦτα</span> <span class='ocrx_word' id='word_1_133' title='bbox 636 1653 721 1712; x_wconf 92' lang='grc' dir='ltr'>πόλιν</span> <span class='ocrx_word' id='word_1_134' title='bbox 738 1652 931 1728; x_wconf 82' lang='grc' dir='ltr'>Μεσαμβρίην</span> <span class='ocrx_word' id='word_1_135' title='bbox 949 1655 985 1713; x_wconf 87' lang='grc' dir='ltr'>οἶ-</span> 
     </span>
     <span class='ocr_line' id='line_1_19' title="bbox 189 1740 987 1824; baseline -0.011 -16"><span class='ocrx_word' id='word_1_136' title='bbox 189 1775 288 1824; x_wconf 90' lang='grc' dir='ltr'>κησαν.</span> <span class='ocrx_word' id='word_1_137' title='bbox 330 1751 356 1805; x_wconf 86' lang='grc' dir='ltr'>οἱ</span> <span class='ocrx_word' id='word_1_138' title='bbox 379 1747 407 1804; x_wconf 81' lang='grc' dir='ltr'>δέ</span> <span class='ocrx_word' id='word_1_139' title='bbox 429 1747 552 1804; x_wconf 87' lang='grc' dir='ltr'>Φοίνικες</span> <span class='ocrx_word' id='word_1_140' title='bbox 574 1740 797 1803; x_wconf 84' lang='grc' dir='ltr'>κατακαύσαντες</span> <span class='ocrx_word' id='word_1_141' title='bbox 818 1740 987 1805; x_wconf 72' lang='grc' dir='ltr'>ταύταςτὰς</span> 
     </span>
     <span class='ocr_line' id='line_1_20' title="bbox 188 1828 986 1916; baseline -0.005 -22"><span class='ocrx_word' id='word_1_142' title='bbox 188 1836 279 1916; x_wconf 81' lang='grc' dir='ltr'>χώρας</span> <span class='ocrx_word' id='word_1_143' title='bbox 299 1833 349 1896; x_wconf 86' lang='grc' dir='ltr'>τάς</span> <span class='ocrx_word' id='word_1_144' title='bbox 373 1832 601 1909; x_wconf 83' lang='grc' dir='ltr'>καταλεχθείσας,</span> <span class='ocrx_word' id='word_1_145' title='bbox 624 1828 776 1905; x_wconf 88' lang='grc' dir='ltr'>τράπονται</span> <span class='ocrx_word' id='word_1_146' title='bbox 798 1830 846 1889; x_wconf 85' lang='grc' dir='ltr'>ἐπί</span> <span class='ocrx_word' id='word_1_147' title='bbox 864 1857 894 1890; x_wconf 92' lang='grc' dir='ltr'>τε</span> <span class='ocrx_word' id='word_1_148' title='bbox 912 1837 986 1908; x_wconf 94' lang='grc' dir='ltr'>Προ-</span> 
     </span>
     <span class='ocr_line' id='line_1_21' title="bbox 188 1918 986 1999; baseline -0.005 -16"><span class='ocrx_word' id='word_1_149' title='bbox 188 1923 324 1999; x_wconf 85' lang='grc' dir='ltr'>κόννησον</span> <span class='ocrx_word' id='word_1_150' title='bbox 345 1921 390 1979; x_wconf 86' lang='grc' dir='ltr'>καὶ</span> <span class='ocrx_word' id='word_1_151' title='bbox 403 1919 549 1995; x_wconf 88' lang='grc' dir='ltr'>Ἀρτάκην·</span> <span class='ocrx_word' id='word_1_152' title='bbox 571 1918 637 1994; x_wconf 84' lang='grc' dir='ltr'>πυρὶ</span> <span class='ocrx_word' id='word_1_153' title='bbox 651 1919 680 1976; x_wconf 85' lang='grc' dir='ltr'>δὲ</span> <span class='ocrx_word' id='word_1_154' title='bbox 697 1919 742 1976; x_wconf 85' lang='grc' dir='ltr'>καὶ</span> <span class='ocrx_word' id='word_1_155' title='bbox 758 1919 859 1983; x_wconf 90' lang='grc' dir='ltr'>ταύτας</span> <span class='ocrx_word' id='word_1_156' title='bbox 880 1921 986 1996; x_wconf 85' lang='grc' dir='ltr'>νείμαν-</span> 
     </span>
     <span class='ocr_line' id='line_1_22' title="bbox 187 2005 986 2086; baseline -0.004 -15"><span class='ocrx_word' id='word_1_157' title='bbox 187 2039 232 2075; x_wconf 88' lang='grc' dir='ltr'>τες</span> <span class='ocrx_word' id='word_1_158' title='bbox 250 2014 357 2076; x_wconf 81' lang='grc' dir='ltr'>ἔπλωον</span> <span class='ocrx_word' id='word_1_159' title='bbox 375 2008 451 2070; x_wconf 81' lang='grc' dir='ltr'>αὗτις</span> <span class='ocrx_word' id='word_1_160' title='bbox 470 2014 497 2071; x_wconf 90' lang='grc' dir='ltr'>ἐς</span> <span class='ocrx_word' id='word_1_161' title='bbox 517 2007 569 2082; x_wconf 83' lang='grc' dir='ltr'>τὴν</span> <span class='ocrx_word' id='word_1_162' title='bbox 584 2005 776 2084; x_wconf 86' lang='grc' dir='ltr'>Χερσόνησον,</span> <span class='ocrx_word' id='word_1_163' title='bbox 793 2009 986 2086; x_wconf 78' lang='grc' dir='ltr'>ἐξαιρήσοντες</span> 
     </span>
     <span class='ocr_line' id='line_1_23' title="bbox 186 2096 986 2174; baseline -0.004 -15"><span class='ocrx_word' id='word_1_164' title='bbox 186 2101 236 2162; x_wconf 83' lang='grc' dir='ltr'>τάς</span> <span class='ocrx_word' id='word_1_165' title='bbox 249 2098 409 2160; x_wconf 82' lang='grc' dir='ltr'>ἐπιλοίπους</span> <span class='ocrx_word' id='word_1_166' title='bbox 422 2100 477 2157; x_wconf 83' lang='grc' dir='ltr'>τῶν</span> <span class='ocrx_word' id='word_1_167' title='bbox 490 2099 596 2156; x_wconf 88' lang='grc' dir='ltr'>πολίων</span> <span class='ocrx_word' id='word_1_168' title='bbox 610 2096 681 2159; x_wconf 86' lang='grc' dir='ltr'>ὅσας</span> <span class='ocrx_word' id='word_1_169' title='bbox 694 2096 830 2173; x_wconf 90' lang='grc' dir='ltr'>πρότερον</span> <span class='ocrx_word' id='word_1_170' title='bbox 846 2097 986 2174; x_wconf 88' lang='grc' dir='ltr'>προσχόν-</span> 
     </span>
     <span class='ocr_line' id='line_1_24' title="bbox 187 2185 987 2262; baseline -0.004 -15"><span class='ocrx_word' id='word_1_171' title='bbox 187 2214 232 2251; x_wconf 88' lang='grc' dir='ltr'>τες</span> <span class='ocrx_word' id='word_1_172' title='bbox 255 2186 287 2246; x_wconf 86' lang='grc' dir='ltr'>ού</span> <span class='ocrx_word' id='word_1_173' title='bbox 307 2187 471 2262; x_wconf 89' lang='grc' dir='ltr'>κατέσυραν.</span> <span class='ocrx_word' id='word_1_174' title='bbox 502 2187 547 2246; x_wconf 84' lang='grc' dir='ltr'>ἐπὶ</span> <span class='ocrx_word' id='word_1_175' title='bbox 571 2186 600 2244; x_wconf 85' lang='grc' dir='ltr'>δὲ</span> <span class='ocrx_word' id='word_1_176' title='bbox 625 2185 747 2255; x_wconf 80' lang='grc' dir='ltr'>Κύζικον</span> <span class='ocrx_word' id='word_1_177' title='bbox 772 2185 834 2244; x_wconf 76' lang='grc' dir='ltr'>οὐδὲ</span> <span class='ocrx_word' id='word_1_178' title='bbox 856 2187 987 2244; x_wconf 82' lang='grc' dir='ltr'>ἔπλωσαν</span> 
     </span>
     <span class='ocr_line' id='line_1_25' title="bbox 187 2274 986 2356; baseline -0.003 -22"><span class='ocrx_word' id='word_1_179' title='bbox 187 2275 286 2355; x_wconf 77' lang='grc' dir='ltr'>ἀρχήν</span> <span class='ocrx_word' id='word_1_180' title='bbox 308 2275 386 2335; x_wconf 74' lang='grc' dir='ltr'>αὐτοὶ</span> <span class='ocrx_word' id='word_1_181' title='bbox 400 2274 454 2356; x_wconf 81' lang='grc' dir='ltr'>γάρ</span> <span class='ocrx_word' id='word_1_182' title='bbox 469 2276 620 2350; x_wconf 83' lang='grc' dir='ltr'>Κυζικηνοὶ</span> <span class='ocrx_word' id='word_1_183' title='bbox 633 2276 672 2332; x_wconf 87' lang='grc' dir='ltr'>ἐτι</span> <span class='ocrx_word' id='word_1_184' title='bbox 684 2274 819 2350; x_wconf 90' lang='grc' dir='ltr'>πρότερον</span> <span class='ocrx_word' id='word_1_185' title='bbox 833 2278 883 2332; x_wconf 82' lang='grc' dir='ltr'>τού</span> <span class='ocrx_word' id='word_1_186' title='bbox 897 2275 986 2332; x_wconf 87' lang='grc' dir='ltr'>Φοινί-</span> 
     </span>
     <span class='ocr_line' id='line_1_26' title="bbox 188 2363 988 2445; baseline -0.004 -22"><span class='ocrx_word' id='word_1_187' title='bbox 188 2392 240 2424; x_wconf 88' lang='grc' dir='ltr'>κων</span> <span class='ocrx_word' id='word_1_188' title='bbox 263 2366 371 2424; x_wconf 87' lang='grc' dir='ltr'>ἐσπλου</span> <span class='ocrx_word' id='word_1_189' title='bbox 394 2364 560 2445; x_wconf 80' lang='grc' dir='ltr'>ἐγεγόνεσαν</span> <span class='ocrx_word' id='word_1_190' title='bbox 581 2363 636 2423; x_wconf 82' lang='grc' dir='ltr'>ύπό</span> <span class='ocrx_word' id='word_1_191' title='bbox 658 2364 787 2438; x_wconf 83' lang='grc' dir='ltr'>βασιλέϊ,</span> <span class='ocrx_word' id='word_1_192' title='bbox 811 2363 932 2438; x_wconf 81' lang='grc' dir='ltr'>Οἰβάρεϊ</span> <span class='ocrx_word' id='word_1_193' title='bbox 949 2367 988 2440; x_wconf 79' lang='grc' dir='ltr'>τῷ</span> 
     </span>
     <span class='ocr_line' id='line_1_27' title="bbox 188 2450 986 2534; baseline -0.005 -22"><span class='ocrx_word' id='word_1_194' title='bbox 188 2454 363 2534; x_wconf 87' lang='grc' dir='ltr'>Μεγαβάζου</span> <span class='ocrx_word' id='word_1_195' title='bbox 385 2452 613 2532; x_wconf 86' lang='grc' dir='ltr'>ὁμολογήσαντες</span> <span class='ocrx_word' id='word_1_196' title='bbox 626 2456 664 2530; x_wconf 77' lang='grc' dir='ltr'>τῷ</span> <span class='ocrx_word' id='word_1_197' title='bbox 678 2457 706 2510; x_wconf 91' lang='grc' dir='ltr'>ἐν</span> <span class='ocrx_word' id='word_1_198' title='bbox 721 2453 887 2529; x_wconf 85' lang='grc' dir='ltr'>Δασκυλείῳ</span> <span class='ocrx_word' id='word_1_199' title='bbox 901 2450 986 2525; x_wconf 90' lang='grc' dir='ltr'>ύπάρ-</span> 
     </span>
     <span class='ocr_line' id='line_1_28' title="bbox 186 2538 988 2619; baseline -0.004 -20"><span class='ocrx_word' id='word_1_200' title='bbox 186 2567 234 2619; x_wconf 86' lang='grc' dir='ltr'>χιρ.</span> <span class='ocrx_word' id='word_1_201' title='bbox 278 2545 327 2616; x_wconf 76' lang='grc' dir='ltr'>τῆς</span> <span class='ocrx_word' id='word_1_202' title='bbox 340 2541 369 2598; x_wconf 86' lang='grc' dir='ltr'>δὲ</span> <span class='ocrx_word' id='word_1_203' title='bbox 383 2541 576 2615; x_wconf 82' lang='grc' dir='ltr'>Χερσονήσου,</span> <span class='ocrx_word' id='word_1_204' title='bbox 590 2539 667 2613; x_wconf 81' lang='grc' dir='ltr'>πλὴν</span> <span class='ocrx_word' id='word_1_205' title='bbox 679 2539 802 2615; x_wconf 82' lang='grc' dir='ltr'>Καρδίης</span> <span class='ocrx_word' id='word_1_206' title='bbox 816 2538 924 2606; x_wconf 89' lang='grc' dir='ltr'>πόλιος,</span> <span class='ocrx_word' id='word_1_207' title='bbox 938 2539 988 2600; x_wconf 87' lang='grc' dir='ltr'>τοϊς</span> 
     </span>
     <span class='ocr_line' id='line_1_29' title="bbox 187 2628 799 2705; baseline -0.01 -17"><span class='ocrx_word' id='word_1_208' title='bbox 187 2629 278 2692; x_wconf 83' lang='grc' dir='ltr'>όλλας</span> <span class='ocrx_word' id='word_1_209' title='bbox 298 2628 392 2690; x_wconf 90' lang='grc' dir='ltr'>πάσας</span> <span class='ocrx_word' id='word_1_210' title='bbox 414 2628 599 2705; x_wconf 73' lang='grc' dir='ltr'>ἐχειρώσαντο</span> <span class='ocrx_word' id='word_1_211' title='bbox 621 2631 646 2684; x_wconf 88' lang='grc' dir='ltr'>οϊ</span> <span class='ocrx_word' id='word_1_212' title='bbox 667 2628 799 2687; x_wconf 88' lang='grc' dir='ltr'>Φοίνικες.</span> 
     </span>
    </p>

    <p class='ocr_par' dir='ltr' id='par_1_3' title="bbox 141 2711 988 3148">
     <span class='ocr_line' id='line_1_30' title="bbox 141 2711 987 2794; baseline -0.007 -18"><span class='ocrx_word' id='word_1_213' title='bbox 141 2721 177 2776; x_wconf 77' lang='grc'>34</span> <span class='ocrx_word' id='word_1_214' title='bbox 226 2716 404 2794; x_wconf 85' lang='grc' dir='ltr'>Ἐτυράννευε</span> <span class='ocrx_word' id='word_1_215' title='bbox 428 2715 456 2773; x_wconf 84' lang='grc' dir='ltr'>δὲ</span> <span class='ocrx_word' id='word_1_216' title='bbox 477 2717 581 2775; x_wconf 78' lang='grc' dir='ltr'>ἀστέων</span> <span class='ocrx_word' id='word_1_217' title='bbox 604 2715 688 2792; x_wconf 89' lang='grc' dir='ltr'>μέχρι</span> <span class='ocrx_word' id='word_1_218' title='bbox 709 2713 773 2772; x_wconf 90' lang='grc' dir='ltr'>τότε</span> <span class='ocrx_word' id='word_1_219' title='bbox 792 2711 951 2788; x_wconf 77' lang='grc' dir='ltr'>Μιλτιάδης</span> <span class='ocrx_word' id='word_1_220' title='bbox 971 2713 987 2794; x_wconf 81' lang='grc' dir='ltr'>ό</span> 
     </span>
     <span class='ocr_line' id='line_1_31' title="bbox 189 2799 988 2884; baseline -0.005 -20"><span class='ocrx_word' id='word_1_221' title='bbox 189 2807 316 2882; x_wconf 85' lang='grc' dir='ltr'>Κίμωνος</span> <span class='ocrx_word' id='word_1_222' title='bbox 337 2809 386 2864; x_wconf 87' lang='grc' dir='ltr'>τοῦ</span> <span class='ocrx_word' id='word_1_223' title='bbox 409 2803 603 2884; x_wconf 76' lang='grc' dir='ltr'>Στησαγόρεω,</span> <span class='ocrx_word' id='word_1_224' title='bbox 627 2801 802 2877; x_wconf 88' lang='grc' dir='ltr'>κτησαμένου</span> <span class='ocrx_word' id='word_1_225' title='bbox 826 2799 877 2874; x_wconf 82' lang='grc' dir='ltr'>τήν</span> <span class='ocrx_word' id='word_1_226' title='bbox 898 2799 988 2879; x_wconf 85' lang='grc' dir='ltr'>άρχήν</span> 
     </span>
     <span class='ocr_line' id='line_1_32' title="bbox 189 2889 987 2970; baseline -0.009 -17"><span class='ocrx_word' id='word_1_227' title='bbox 189 2894 291 2970; x_wconf 90' lang='grc' dir='ltr'>ταύτην</span> <span class='ocrx_word' id='word_1_228' title='bbox 315 2892 451 2970; x_wconf 91' lang='grc' dir='ltr'>πρότερον</span> <span class='ocrx_word' id='word_1_229' title='bbox 473 2891 634 2950; x_wconf 81' lang='grc' dir='ltr'>Μιλτιάδεω</span> <span class='ocrx_word' id='word_1_230' title='bbox 658 2891 708 2948; x_wconf 81' lang='grc' dir='ltr'>τού</span> <span class='ocrx_word' id='word_1_231' title='bbox 731 2889 867 2966; x_wconf 83' lang='grc' dir='ltr'>Κυψέλου</span> <span class='ocrx_word' id='word_1_232' title='bbox 892 2889 987 2968; x_wconf 81' lang='grc' dir='ltr'>τρόπῳ</span> 
     </span>
     <span class='ocr_line' id='line_1_33' title="bbox 187 2977 987 3062; baseline -0.008 -20"><span class='ocrx_word' id='word_1_233' title='bbox 187 2984 291 3062; x_wconf 79' lang='grc' dir='ltr'>τοιῷδε·</span> <span class='ocrx_word' id='word_1_234' title='bbox 320 2983 396 3060; x_wconf 85' lang='grc' dir='ltr'>εἶχον</span> <span class='ocrx_word' id='word_1_235' title='bbox 421 2981 564 3060; x_wconf 89' lang='grc' dir='ltr'>Δόλογκοι</span> <span class='ocrx_word' id='word_1_236' title='bbox 587 2978 704 3055; x_wconf 84' lang='grc' dir='ltr'>Θρήϊκες</span> <span class='ocrx_word' id='word_1_237' title='bbox 727 2977 778 3052; x_wconf 74' lang='grc' dir='ltr'>τήν</span> <span class='ocrx_word' id='word_1_238' title='bbox 801 2977 987 3054; x_wconf 91' lang='grc' dir='ltr'>Χερσόνησον</span> 
     </span>
     <span class='ocr_line' id='line_1_34' title="bbox 186 3067 986 3148; baseline -0.011 -16"><span class='ocrx_word' id='word_1_239' title='bbox 186 3072 298 3148; x_wconf 88' lang='grc' dir='ltr'>ταύτην.</span> <span class='ocrx_word' id='word_1_240' title='bbox 336 3069 412 3130; x_wconf 81' lang='grc' dir='ltr'>οὗτοι</span> <span class='ocrx_word' id='word_1_241' title='bbox 431 3068 467 3127; x_wconf 83' lang='grc' dir='ltr'>ὦν</span> <span class='ocrx_word' id='word_1_242' title='bbox 487 3073 513 3126; x_wconf 87' lang='grc' dir='ltr'>οϊ</span> <span class='ocrx_word' id='word_1_243' title='bbox 531 3067 674 3146; x_wconf 87' lang='grc' dir='ltr'>Δόλογκοι</span> <span class='ocrx_word' id='word_1_244' title='bbox 691 3067 852 3129; x_wconf 86' lang='grc' dir='ltr'>πιεσθέντες</span> <span class='ocrx_word' id='word_1_245' title='bbox 872 3068 986 3144; x_wconf 74' lang='grc' dir='ltr'>πολέμῳ</span> 
     </span>
    </p>

    <p class='ocr_par' dir='ltr' id='par_1_4' title="bbox 187 3153 987 3238">
     <span class='ocr_line' id='line_1_35' title="bbox 187 3153 987 3238; baseline -0.013 -18"><span class='ocrx_word' id='word_1_246' title='bbox 187 3161 241 3220; x_wconf 84' lang='grc' dir='ltr'>ύπό</span> <span class='ocrx_word' id='word_1_247' title='bbox 254 3159 411 3238; x_wconf 83' lang='grc' dir='ltr'>Ἀψινθίων,</span> <span class='ocrx_word' id='word_1_248' title='bbox 427 3163 453 3219; x_wconf 88' lang='grc' dir='ltr'>ἐς</span> <span class='ocrx_word' id='word_1_249' title='bbox 468 3157 600 3232; x_wconf 80' lang='grc' dir='ltr'>Δελφούς</span> <span class='ocrx_word' id='word_1_250' title='bbox 622 3157 748 3232; x_wconf 79' lang='grc' dir='ltr'>ἔπεμψαν</span> <span class='ocrx_word' id='word_1_251' title='bbox 767 3153 833 3217; x_wconf 82' lang='grc' dir='ltr'>τούς</span> <span class='ocrx_word' id='word_1_252' title='bbox 846 3153 987 3230; x_wconf 88' lang='grc' dir='ltr'>βασιλέας</span> 
     </span>
    </p>

    <p class='ocr_par' dir='ltr' id='par_1_5' title="bbox 187 3243 987 3415">
     <span class='ocr_line' id='line_1_36' title="bbox 187 3243 987 3326; baseline -0.01 -19"><span class='ocrx_word' id='word_1_253' title='bbox 187 3250 250 3326; x_wconf 87' lang='grc' dir='ltr'>περὶ</span> <span class='ocrx_word' id='word_1_254' title='bbox 274 3252 323 3308; x_wconf 83' lang='grc' dir='ltr'>τοῦ</span> <span class='ocrx_word' id='word_1_255' title='bbox 346 3247 472 3322; x_wconf 91' lang='grc' dir='ltr'>πολέμου</span> <span class='ocrx_word' id='word_1_256' title='bbox 493 3247 694 3324; x_wconf 86' lang='grc' dir='ltr'>χρησομένους·</span> <span class='ocrx_word' id='word_1_257' title='bbox 722 3243 741 3320; x_wconf 79' lang='grc' dir='ltr'><em>ἦ</em></span> <span class='ocrx_word' id='word_1_258' title='bbox 764 3244 794 3303; x_wconf 83' lang='grc' dir='ltr'>δέ</span> <span class='ocrx_word' id='word_1_259' title='bbox 816 3243 909 3318; x_wconf 85' lang='grc' dir='ltr'>Πυθίη</span> <span class='ocrx_word' id='word_1_260' title='bbox 931 3248 987 3317; x_wconf 81' lang='grc' dir='ltr'>σφι</span> 
     </span>
     <span class='ocr_line' id='line_1_37' title="bbox 187 3331 987 3415; baseline -0.009 -19"><span class='ocrx_word' id='word_1_261' title='bbox 187 3337 280 3396; x_wconf 75' lang='grc' dir='ltr'>ἀνεῖλε</span> <span class='ocrx_word' id='word_1_262' title='bbox 302 3335 428 3410; x_wconf 80' lang='grc' dir='ltr'>οἰκιστήν</span> <span class='ocrx_word' id='word_1_263' title='bbox 450 3335 605 3415; x_wconf 85' lang='grc' dir='ltr'>ἐπάγεσθαι</span> <span class='ocrx_word' id='word_1_264' title='bbox 627 3336 673 3393; x_wconf 86' lang='grc' dir='ltr'>ἐπὶ</span> <span class='ocrx_word' id='word_1_265' title='bbox 693 3333 744 3408; x_wconf 79' lang='grc' dir='ltr'>τήν</span> <span class='ocrx_word' id='word_1_266' title='bbox 765 3331 858 3412; x_wconf 78' lang='grc' dir='ltr'>χώρην</span> <span class='ocrx_word' id='word_1_267' title='bbox 877 3335 987 3400; x_wconf 84' lang='grc' dir='ltr'>τοῦτον,</span> 
     </span>
    </p>
   </div>
   <div class='ocr_carea' id='block_1_2' title="bbox 0 0 1138 3536">
    <p class='ocr_par' dir='ltr' id='par_1_6' title="bbox 0 0 1138 3536">
     <span class='ocr_line' id='line_1_38' title="bbox 0 0 1138 3536; baseline 0 0"><span class='ocrx_word' id='word_1_268' title='bbox 0 0 1138 3536; x_wconf 95' lang='lat' dir='ltr'> </span> 
     </span>
    </p>
   </div>
  </div>
 </body>
</html>
