2278 3538
167 174 307 239 ιιι-ιω]
501 173 685 220 nomm,
918 172 964 220 ιιι

165 253 262 318 τοντός
273 281 305 315 τε
314 253 363 314 τόν
374 255 494 330 Δωριέος
503 256 553 312 τοῦ
565 252 780 328 Ἀναξανδρῶεω
790 249 964 332 πρὺςἙγεσ-

164 345 248 404 τοίων
256 342 344 420 φόνον
355 342 554 420 ε’κπρήξασθαι,
562 341 753 403 ὑποτείνοντός
759 366 790 399 τε
799 340 834 399 τά
845 340 965 416 ἐμπόρια

164 433 389 509 συνελευθεροῦν,
403 430 449 490 ὑπ’
464 429 501 503 ὧν
515 431 581 506 ὑμῖν
596 430 718 510 μεγάλαι
735 429 854 505 ὠφελίαι
871 455 902 488 τε
920 430 965 487 καὶ

163 521 325 598 ἐπαυρέσιες
342 519 484 600 γεγόνασι,
502 518 565 578 οὑτε
583 522 650 596 ε’μεὺ
669 518 759 578 εἵνεκα
776 516 878 594 ἤλθετε
894 518 964 593 βοη-

163 608 298 683 θήσοντες
318 607 381 666 οὑτε
398 608 448 667 τόν
465 607 586 685 Δωριέος
603 606 691 683 φόνον
708 605 914 683 ἐκπρηξόμενοι,
930 603 965 664 τό

162 723 193 756 τε
207 697 265 756 κατ’
279 696 364 774 ὑμέας
376 695 442 755 τάδε
458 695 568 755 ἅπαντα
581 695 636 754 ὑπό
651 694 830 772 βαρβάροισι
843 694 963 770 νέμεται·

162 785 241 844 α’λλά
258 784 287 843 εὑ
302 785 357 865 γάρ
373 783 441 860 ἡμῖν
457 785 503 843 καὶ
521 784 567 843 ἐπὶ
584 783 617 842 τό
636 783 748 859 ἄμεινον
764 783 895 894 κατέστη·
916 785 964 841 νῦν

163 874 191 932 δε
209 873 309 984 ἐπειδή
334 871 559 949 περιελήλυθε
542 899 558 931 ο
582 872 707 947 πόλεμος
729 872 775 930 καὶ
798 870 913 930 α’πῖκται
937 875 964 933 ές

163 963 256 1037 ὑμέας,
275 961 346 1021 οὕτω
367 961 401 1038 δή
422 963 547 1024 Γέλωνος
566 964 685 1068 μνῆστις
704 962 811 1042 γέγονε.
853 958 963 1036 οἶτιμίης

163 1050 193 1109 δὲ
210 1051 280 1127 πρὺς
296 1051 386 1127 ὑμέων
405 1050 528 1126 κυρήσας
547 1048 596 1108 οὑκ
616 1047 792 1127 ὁμοιώσομαι
812 1047 877 1125 ὑμῖν
897 1047 962 1106 αλλ’

163 1140 272 1215 ετοῖμός
286 1143 341 1216 εἶμι
353 1140 492 1215 βοηθέειν,
504 1137 694 1216 παρεχόμενος
707 1137 850 1212 διηκοσίας
862 1162 892 1195 τε
906 1161 962 1212 τρι-

162 1226 245 1304 ήρεας
264 1228 310 1286 καὶ
325 1227 486 1304 δισμυρίους
502 1226 628 1295 ὁπλίτας,
645 1227 692 1284 καὶ
709 1225 851 1302 δισχιλίην
868 1224 961 1292 ἵππον,

163 1316 209 1373 καὶ
223 1316 379 1394 δισχιλίους
393 1315 516 1385 τοξότας,
531 1315 577 1374 καὶ
594 1314 750 1392 δισχιλίους
763 1311 961 1388 σφενδονήτας,

164 1404 209 1462 καὶ
223 1405 377 1484 δισχιλίους
391 1404 579 1481 ἱπποδρόμους
592 1401 701 1480 ψιλοὺς·
722 1400 803 1460 σῖτόν
816 1427 847 1460 τε
864 1398 962 1478 άπάση

162 1492 354 1571 τῇἙλλήνων
371 1496 491 1570 στρατιῇ
505 1491 562 1551 ἔστ’
576 1489 609 1551 ἂν
626 1489 876 1566 διαπολεμήσωμεν
895 1487 961 1547 ὑπο-

163 1579 275 1657 δέκομαι
284 1581 421 1658 παρέξειν·
436 1581 481 1639 ε’πὶ
492 1580 521 1638 δὲ
531 1580 607 1661 λόγῳ
615 1579 710 1656 τοιῷδε
719 1577 785 1637 τάδε
792 1577 960 1656 ὑπίσχομαι·

163 1669 204 1727 ἐπ’
215 1667 235 1748 ᾧ
245 1668 403 1748 στρατηγός
415 1695 446 1728 τε
460 1669 505 1727 καὶ
519 1667 629 1748 ῆγεμιὺν
639 1671 693 1726 τῶν
705 1664 850 1742 Ἑλλήνων
860 1667 961 1742 ἔσομαι

162 1757 232 1834 πρός
243 1756 293 1817 τόν
305 1757 466 1834 βάρβαρον·
486 1755 528 1814 ἐπ’
538 1754 617 1835 ἄλλῳ
632 1756 661 1814 δὲ
675 1755 751 1836 λόγῳ
766 1753 823 1814 οὔτ’
832 1752 866 1814 ἂν
879 1753 961 1816 αὑτός

162 1845 271 1922 ἔλθοιμι
285 1843 341 1904 οὔτ’
351 1843 385 1904 ἂν
396 1844 501 1908 ἄλλους
514 1842 681 1922 πέμψαιμι.”
711 1841 836 1902 Ταῦτα
818 1842 941 1905 ακοὺσας
951 1844 1006 1902 159

162 1931 224 1992 οὑτε
238 1933 376 2012 ήνέσχετο
392 1933 408 1992 6
426 1933 551 2014 Σύαγρος
567 1933 627 1991 εἶπέ
642 1957 673 1991 τε
689 1931 764 1991 τάδε
787 1930 830 2007 “ῆ
850 1957 880 1990 κε
897 1929 959 2011 μέγ

161 2021 300 2096 οἷμάξειεν
333 2020 349 2080 6
384 2022 546 2096 Πελοπίδης
580 2020 770 2100 Ἀγαμέμνων,
804 2018 960 2095 πυθόμενος

161 2108 337 2185 Σπαρτιήτας
350 2109 401 2185 τῆν
414 2107 564 2189 ῆγεμονίην
577 2107 789 2184 ἀπαραιρῆσθαι
801 2105 856 2166 ὑπό
870 2107 960 2164 Γέλω-

160 2195 206 2258 νός
218 2223 248 2255 τε
262 2198 308 2255 καὶ
322 2198 526 2272 Συρηκουσέων·
544 2196 621 2254 άλλά
634 2195 734 2254 τοὺτου
747 2198 799 2268 μὲν
808 2197 858 2255 τοὺ
871 2193 960 2274 λόγου

159 2285 258 2410 μηκέτι
272 2283 439 2364 μνησθῇς,
423 2311 492 2347 οκως
507 2284 559 2360 τῆν
571 2283 721 2365 ῆγεμονίην
734 2309 778 2342 τοι
796 2282 959 2360 παραδώσο·

430 2374 551 2449 βούλεαι
564 2373 697 2450 βοηθέειν
709 2376 745 2450 τῇ
758 2371 885 2440 Ἑλλάδι,
899 2371 960 2431 ἴσθι

159 2398 339 2535 ἀρξόμενος
323 2486 378 2520 υπο
370 2461 624 2538 Λακεδαιμονίων·
647 2465 671 2519 εἰ
687 2459 709 2518 δ’
723 2459 778 2537 ἄρα
791 2460 831 2536 μῆ
845 2460 960 2522 δικαιοῖς

158 2545 306 2628 ἄρχεσθαι,
322 2548 359 2607 σὺ
373 2549 454 2625 δὲμὴ
467 2548 624 2626 βαηθέειν.”
659 2548 737 2625 Πρός
749 2553 836 2608 ταῦτα
855 2548 871 2608 6
890 2549 939 2607 Γέ-
949 2549 1007 2608 160

157 2641 223 2704 λων,
245 2642 304 2695 ε’πει
331 2636 339 2658 “
358 2636 415 2714 ὥρα
435 2637 685 2715 ἀπεστραμμένους
704 2636 768 2699 τοὺς
788 2637 890 2718 λόγους
909 2640 960 2696 τοὺ

158 2722 340 2803 Συάγρου,
308 2750 358 2783 τον
373 2725 533 2784 τελευταῖόν
550 2733 606 2801 σφι
621 2725 685 2784 τόνδ
688 2751 700 2784 ε
718 2725 845 2800 εξέφαινε
862 2723 958 2805 λόγον·

158 2820 175 2844 “
191 2809 204 2833 ’
185 2812 290 2880 ωξεῖνε
308 2815 478 2922 Σπαρτιῆτα,
493 2813 598 2872 ὀνείδεα
615 2813 744 2874 κατιόντα
760 2812 895 2892 άνθριὺπῳ
913 2820 958 2887 φι-

156 2899 247 2957 λέει’
235 2900 381 2981 επανάγειν
399 2901 449 2961 τόν
468 2901 565 2979 θυμόν·
588 2902 624 2962 σὺ
642 2903 737 2979 μέντοι
755 2901 960 2978 ἀποδεξάμενος

157 2985 323 3065 ὑβρίσματα
337 2994 366 3048 ἐν
381 2994 419 3069 τῷ
435 2990 520 3072 λόγῳ,
537 2989 569 3050 οὑ
585 3017 621 3067 με
638 2993 751 3054 ἔπεισας
766 2989 917 3068 άσχήμονα
931 2993 960 3049 ἔν

155 3079 191 3153 τῇ
205 3075 315 3157 α’μοιβῇ
329 3079 469 3159 γενέσθαι·
491 3079 558 3138 ὅκου
575 3079 604 3139 δὲ
620 3079 697 3156 ὑμεῖς
711 3079 781 3138 οὑτω
795 3078 960 3155 περιέχεσθε

156 3167 206 3238 πῆς
226 3165 384 3247 ἡγεμονίης,
399 3168 473 3230 οἰκός
494 3169 540 3226 καὶ
561 3172 609 3245 ε’μὲ
629 3172 742 3245 μᾶλλον
762 3166 852 3243 ὑμέων
872 3165 960 3242 περιέ-

116 3319 124 3326 ,
155 3255 268 3330 χεσθαι,
290 3259 424 3332 στρατιῆς
444 3282 474 3314 τε
494 3257 575 3316 ε’όντα
594 3255 817 3329 πολλαπλασίης
836 3253 960 3334 ἡγεμόνα

157 3342 203 3414 καὶ
216 3347 288 3418 νηῶν
303 3341 379 3402 πολὺ
395 3343 530 3405 πλεύνων·
551 3343 616 3402 ἀλλ’
631 3344 694 3402 ε’πεί
709 3367 740 3402 τε
757 3341 822 3417 ὑμῖν
840 3341 855 3400 6
874 3340 959 3421 λόγος
