2262 3534
170 100 277 165 55-59]
480 101 669 150 ΚΑΛΛῘΟΠΗ.
924 101 972 150 309

169 205 225 248 νον,
236 184 271 258 τῇ
283 181 329 239 καὶ
337 179 488 258 Δήμητρος
496 179 672 255 Ἐλευσινίης
682 177 742 256 ἱρόν
752 176 848 254 ἧσται·
858 177 972 256 ἀνέμενε

169 266 199 325 δὲ
210 268 293 327 τοῦδε
307 269 404 338 εἵνεκα,
420 269 472 342 ἵνα,
487 267 521 344 ἢν
534 269 574 346 μη
589 267 715 346 άπολίπῃ
727 266 777 326 τόν
787 271 878 344 χῶρον
893 272 921 326 ἐν
934 271 972 345 τῷ

169 355 319 435 ἐτετάχατο
343 357 359 416 ὁ
382 355 599 434 Ἀμομφάρετός
624 382 656 415 τε
677 356 723 414 καὶ
747 354 762 414 ό
785 355 880 434 λόχος,
905 354 970 414 ἀλλ’

168 442 254 502 αὐτοῦ
267 445 380 520 μένωσι,
394 445 512 521 βοηθέοι
525 444 617 505 ὀπίσω
631 443 696 520 παρ’
713 444 840 506 ἐκείνους.
883 443 929 502 καὶ
943 443 974 502 οἷ

168 555 199 589 τε
216 531 292 608 ἀμφὶ
309 532 358 592 τόν
367 532 585 610 Ἀμομφάρετον
603 529 785 612 παρεγίνοντό
807 537 863 605 σφι
886 532 932 590 καὶ
951 530 970 606 ἡ

169 619 253 682 ἵππος
274 620 293 696 ἤ
314 625 368 680 τιῦν
388 621 545 698 βαρβάρων
566 620 732 698 προσέκειτο
750 621 840 678 πᾶσα·
866 621 893 678 οἱ
914 619 969 698 γάρ

168 708 285 767 ἱππόται
299 710 407 779 ἐποίευν
426 709 486 768 οἷον
503 709 549 768 καὶ
563 709 687 768 ἐώθεσαν
700 708 803 766 ποιέειν
816 706 878 766 αἰεί·
901 705 970 766 ἐδόν-

166 820 212 858 τες
225 795 255 854 δέ
268 796 317 856 τόν
329 800 422 875 χῶρον
436 797 525 856 κεινδν
538 797 567 856 ἐν
580 801 620 874 τῷ
633 795 781 875 ἐτετάχατο
795 797 822 853 οί
830 793 970 869 Ἕλληνες

166 887 235 961 τῇσι
255 887 409 962 προτέρῃσι
425 884 556 963 ἡμέρῃσι,
575 883 698 960 ἤλαυνον
715 883 780 950 τούς
799 883 899 945 ἵππους
916 882 970 945 αἰεὶ

166 970 199 1029 τό
213 971 320 1047 πρόσω·
342 973 388 1031 καὶ
398 972 456 1048 ἅμα
470 971 679 1047 καταλαβόντες
692 970 866 1048 προσεκέατό
880 975 945 1044 σφι.

208 1059 367 1136 Μαρδόνιος
382 1061 411 1119 δέ
429 1059 465 1122 ώς
482 1059 598 1120 ἐπύθετο
616 1059 834 1134 τοῦςἝλληνας
854 1057 967 1137 άποιχο-
976 1061 1014 1122 58

166 1147 265 1222 μένους
285 1147 340 1208 find
358 1148 448 1222 νύκτα,
474 1148 530 1206 εἶδέ
550 1174 581 1208 τε
599 1148 651 1208 τόν
673 1151 764 1226 χῶρον
789 1151 900 1224 ἐρῆμον,
923 1173 968 1206 κα·

166 1235 254 1299 λέσας
270 1235 320 1296 τόν
335 1239 512 1313 ληρισσαῖον
527 1235 645 1312 Θώρηκα
662 1237 705 1294 καέ
728 1233 793 1298 τούς
813 1233 969 1310 ἀδελφεούς

166 1322 250 1382 αύτοῦ
263 1323 430 1401 Εὐρύπυλον
443 1325 489 1382 καὶ
501 1323 685 1400 Θρασυδήῖον,
700 1325 787 1404 ἔλεγε·
812 1322 859 1380 “αἰ
872 1323 968 1386 παῖδες

165 1409 293 1487 Ἀλεύεω,
310 1413 350 1472 ἐτι
366 1413 397 1472 τί
411 1413 513 1484 λέξετε,
530 1411 596 1470 τάδε
615 1411 740 1488 ὁρέοντες
764 1414 866 1488 ἐρῆμας
891 1409 968 1487 ύμεῖς

165 1499 220 1580 γάρ
234 1504 261 1560 οί
273 1499 469 1580 πλησιόχωροι
481 1501 591 1581 ἐλέγετε
604 1499 838 1574 Λακεδαιμονίους
855 1497 887 1558 ού
901 1499 967 1575 φεύ·

164 1613 224 1668 γειν
240 1593 271 1648 ἐκ
288 1588 389 1668 μάχης,
407 1587 485 1647 άλλά
500 1587 600 1664 ἄνδρας
618 1587 687 1648 εἶναι
704 1587 739 1648 τά
757 1587 880 1670 πολέμια
894 1587 966 1664 πρώ-

164 1701 238 1740 τους·
257 1678 321 1740 τοῦς
334 1676 469 1754 πρότερόν
481 1703 512 1736 τε
525 1677 745 1754 μετισταμένους
761 1681 791 1741 ἐκ
805 1681 855 1752 τῆς
872 1675 966 1746 τάξιος

165 1763 257 1835 ι’ίδετε,
276 1769 324 1824 νῦν
339 1790 370 1824 τε
389 1764 445 1824 ῦπό
465 1764 517 1840 την
537 1765 744 1844 παροιχομένην
767 1764 852 1826 νύκτα
873 1765 919 1824 καὶ
939 1768 967 1824 οἶ

164 1851 265 1914 πάντες
279 1852 393 1929 ὁρέομεν
409 1851 580 1930 διαδράντας·
602 1852 724 1921 διέδεξάν
740 1879 779 1922 τε,
799 1854 860 1912 ἐπεί
875 1859 966 1927 σφεας

163 1939 222 1998 ’ἐδεε
238 1940 309 2016 πρός
326 1939 391 2002 τοῦς
411 1939 550 2016 ἀψευδέως
568 1938 700 2015 οἷρίστους
719 1939 736 1997 ά
753 1939 870 2015 θρώπων
887 1939 966 2018 μάχῃ

164 2025 345 2103 διακριθῆναι,
370 2025 414 2086 ὅτι
441 2025 548 2089 οὐδένες
574 2025 629 2102 ἄρα
655 2026 745 2088 ἐόντες
766 2032 795 2086 ἐν
817 2026 965 2103 οὐδαμοῖσι

162 2117 244 2172 ἐοῦσι
258 2113 387 2188 Ἕλλησι
403 2112 640 2173 ἐναπεδεικνύατο·
665 2115 711 2174 καὶ
730 2113 796 2190 ύμῖν
815 2116 966 2190 μὲνέοῦσι

165 2203 299 2277 Περσέων
315 2200 458 2277 α’πείροισι
474 2201 571 2276 πολλή
589 2202 619 2260 ἐκ
636 2228 670 2282 γε
688 2206 753 2278 ἐμεῦ
774 2204 878 2284 ἐγίνετο
897 2229 964 2283 ουγ-

163 2288 268 2368 γνάμη,
286 2287 465 2349 ἐπαινεόντων
480 2288 595 2352 τούτους
609 2291 688 2350 τοῖσί
698 2315 727 2349 τι
741 2292 787 2349 καὶ
803 2290 963 2369 συνῃδέατε·

163 2375 341 2453 Ἀρταβάζου
361 2377 391 2436 δέ
412 2377 492 2455 θῶμα
511 2377 556 2436 καὶ
572 2381 686 2454 μᾶλλον
701 2378 857 2454 ἐποιεύμην,
871 2379 904 2438 τό
919 2379 964 2438 καὶ

164 2463 376 2542 καταρρωδῆσαι
394 2465 636 2542 Λακεδαιμονίους,
659 2465 911 2543 καταρρωδήσαντά
933 2493 964 2526 τε
1000 2527 1004 2532 ,

163 2552 354 2623 ἀποδέξασθαι
369 2553 482 2635 γνώμην
498 2553 670 2630 δειλοτάτην,
686 2553 721 2616 ώς
736 2554 820 2632 χρεόν
839 2556 880 2630 εἴη
898 2554 963 2616 άνο-

163 2641 308 2711 ζεύξαντας
319 2642 353 2703 τό
367 2641 559 2720 στρατόπεδον
572 2641 640 2702 ἰέναι
655 2647 682 2705 ἐς
694 2642 728 2702 τό
744 2643 877 2718 Θηβαίων
890 2642 963 2704 ἄστυ

162 2731 446 2806 πολιορκησομένους·
464 2729 517 2805 τὴν
530 2730 569 2789 ἐτι
582 2729 654 2806 πρός
666 2734 731 2807 ἐμεῦ
744 2731 884 2807 βασιλεῦς
898 2726 963 2790 πεύ·

162 2841 253 2876 σεται.
294 2818 340 2876 καὶ
352 2818 456 2878 τούτων
467 2821 519 2894 μὲν
533 2819 644 2895 ἑτέρωθι
658 2819 736 2878 ἔσται
751 2818 845 2900 λόγος
866 2823 915 2880 νῦν
933 2821 963 2878 δέ

163 2905 293 2965 ἐκείνοισι
309 2909 397 2966 ταῦτα
412 2910 524 2965 ποιεῦσι
542 2903 591 2964 οῦκ
610 2907 775 2982 ἐπιτρεπτέα
793 2907 863 2966 ἐστί·
885 2905 962 2967 άλλδ

163 2991 286 3052 διωκτέοι
300 2994 355 3053 εἰσὶ
369 2999 396 3055 ἐς
405 2993 422 3053 ὃ
431 2994 679 3069 καταλαμφθέντες
691 2991 817 3054 δώσουσι
827 2993 894 3070 ἡμῖν
907 2997 961 3052 τῶν

160 3078 197 3154 δη
216 3081 352 3156 ἐποίησαν
371 3081 486 3157 Πέρσας
504 3080 613 3140 πάντων
629 3080 729 3144 δίκας.”
770 3085 864 3142 Ταῦτα
883 3082 960 3146 εἶπας
968 3083 1007 3142 59

160 3165 214 3248 ἦγε
233 3168 297 3231 τοῦς
318 3170 433 3245 Πέρσας
452 3169 552 3248 δρόμῳ,
576 3168 727 3244 διαβάντας
749 3169 799 3230 τόν
819 3168 959 3240 Ἀσωπόν,

159 3258 233 3316 κατά
245 3256 350 3334 στίβον
362 3261 417 3318 τῶν
434 3255 579 3332 Ἑλλήνων
592 3256 628 3319 ὥς
640 3256 674 3331 δὴ
691 3249 960 3334 ἀποδιδρησκόντων
1086 3289 1122 3462 ῃ
