2278 3538
196 129 243 178 258
503 126 685 175 ἨΡΟΔΟΤΟΤ
905 124 1000 190 [VIII-⁴

195 205 227 264 τό
257 203 374 280 ράμημα
383 207 438 264 τών
454 204 544 263 ἵππων
557 206 692 263 καλέουσι
706 205 819 280 Πέρσαι
832 203 998 286 ἀγγαρήῖον.

149 296 185 351 99
195 292 232 351 Ἡ
248 295 299 368 μὲν
317 292 351 366 δὴ
370 295 465 368 πρώτη
484 297 511 355 ἐς
532 295 629 355 Σοῦσα
646 292 764 373 ἀγγελίη
782 291 943 370 ἀπικομένη,
964 295 1000 360 ώς

197 382 256 460 έχοι
277 381 396 456 Ἀθήνας
417 383 529 457 Ξέρξης,
555 383 651 458 ἔτερψε
673 381 742 440 οὕτω
763 381 797 456 δή
817 407 845 440 τι
866 385 999 458 Περσέων

195 469 260 532 τούς
272 468 502 544 ὑπολειφθέντας,
518 470 552 532 ώς
566 468 615 532 τάς
628 497 658 528 τε
673 469 752 531 ὁδούς
770 470 891 548 μυρσίνῃ
905 471 999 535 πάσας

197 557 351 635 ἐστόρεσαν
373 559 419 616 καὶ
437 558 553 634 ἐθυμίων
572 557 740 632 θυμιήματα,
761 557 807 614 καὶ
826 556 904 616 αὐτοὶ
924 557 1000 633 ἦσαν

197 651 225 706 ἐν
248 647 366 724 θυσίῃσί
384 672 415 705 τε
438 647 482 704 καὶ
506 643 664 724 εύπαθίησι·
700 644 718 720 ἡ
746 645 775 703 δὲ
804 645 914 721 δευτέρη
943 654 1000 722 σφι

196 734 313 815 ἀγγελίη
348 733 537 802 ε’πεξελθοῦσα
568 736 683 811 συνέχεε
718 732 796 802 οὕτω,
832 733 904 792 ώστε
935 735 1000 799 τούς

196 824 312 885 κιθῶνας
333 822 534 898 κατερρήξαντο
559 821 667 890 πάντες,
692 823 751 899 βοῇ
771 847 802 880 τε
823 821 868 878 καὶ
890 825 999 904 οἰμωγῇ

133 937 136 944 ’
198 911 331 988 ἐχρέωντο
345 909 465 987 ἀπλέτῳ,
480 909 640 985 Μαρδόνιον
654 914 682 968 ε’ν
697 909 770 987 αἰτίῃ
783 909 911 972 τιθέντες.
949 910 998 970 ούκ

200 997 270 1057 οὕτω
289 998 318 1056 δὲ
334 999 398 1074 περὶ
415 1002 470 1056 τῶν
487 1001 557 1073 νηῶν
577 996 727 1075 ἀχθόμενοι
740 1001 828 1056 ταῦτα
841 1000 868 1056 οἷ
887 999 1000 1075 Πέρσαι

200 1088 316 1156 ε’ποίευν,
332 1085 367 1148 ώς
380 1087 444 1162 περὶ
458 1085 530 1163 αύτῷ
543 1085 633 1162 Ξέρξη
644 1085 835 1161 δειμαίνοντες.
878 1085 923 1144 καὶ
935 1089 999 1163 περὶ

198 1176 313 1252 Πέρσας
340 1177 391 1252 μὲν
411 1173 446 1250 ἦν
467 1178 553 1233 ταῦτα
577 1173 626 1232 τόν
650 1173 741 1232 πάντα
767 1173 871 1249 μεταξύ
897 1175 1000 1253 χρόνον

197 1263 353 1344 γενόμενον,
368 1263 451 1341 μέχρι
466 1259 498 1321 οὗ
513 1263 618 1339 Ξέρξης
632 1261 715 1324 αὐτός
728 1267 819 1336 σφεας
833 1260 1000 1339 ἀπικόμενος

197 1353 309 1411 ἔπαυσε.
333 1430 336 1433 ι

151 1441 208 1500 100
261 1440 418 1516 Μαρδόνιος
445 1440 474 1498 δὲ
504 1439 589 1516 ἀρέων
622 1441 674 1516 μὲν
708 1440 815 1516 Ξέρξην
846 1441 999 1517 συμφορήν

195 1528 323 1608 μεγάλην
345 1533 374 1586 ἐκ
400 1533 449 1603 τῆς
471 1527 624 1606 ναυμαχίης
644 1528 814 1605 ποιεύμενον,
837 1527 999 1588 ὑποπτεύων

199 1617 228 1674 δὲ
242 1615 325 1675 αὐτόν
340 1616 466 1692 δρησμδν
479 1615 627 1690 βουλεύειν
641 1621 671 1674 ε’κ
685 1621 740 1675 τῶν
753 1614 899 1690 Ἀθηνέων,
913 1623 998 1692 φρον-

196 1704 277 1766 τίσας
289 1703 360 1780 πρός
375 1703 475 1762 έωυτὸν
495 1701 529 1764 ώς
546 1703 629 1762 δώσει
643 1704 720 1780 δίκην
735 1702 898 1784 ἀναγνώσας
911 1705 998 1778 βασι-

196 1791 249 1850 λέα
267 1790 470 1867 στρατεύεσθαι
489 1792 535 1849 ε’πὶ
548 1791 599 1866 τήν
612 1791 747 1860 Ἑλλάδα,
766 1791 814 1849 καί
830 1794 856 1849 οἱ
876 1792 998 1867 κρέσσον

197 1880 238 1956 εἴη
255 1878 480 1940 ἀνακινδυνεῦσαι
494 1876 512 1954 ἢ
526 1879 755 1960 κατεργάσασθαι
768 1878 965 1954 τὴνἙλλάδα,
980 1879 998 1956 ἢ

198 1967 282 2028 αύτδν
305 1971 395 2031 καλῶς
417 1971 585 2043 τελευτῆσαι
608 1966 659 2027 τόν
685 1968 752 2044 βίον
775 1967 844 2044 ὑπὲρ
867 1967 999 2047 μεγάλων

196 2057 373 2134 αἰωρηθέντα·
395 2057 483 2116 πλέον
499 2056 593 2132 μέντοι
611 2057 694 2133 ἔφερέ
711 2059 738 2114 οἱ
754 2055 772 2131 ἦ
788 2055 885 2136 γνώμη
903 2081 998 2133 κατερ-

196 2145 302 2226 γάσθαι
318 2145 370 2220 τήν
389 2143 526 2204 Ἑλλάδα·
548 2144 736 2226 λογισάμενος
751 2143 787 2202 ὧν
800 2148 895 2213 ταῦτα,
909 2170 997 2220 προσ-

199 2235 281 2310 έφερε
308 2233 357 2293 τόν
384 2234 470 2312 λόγον
496 2233 585 2292 τόνδε·
618 2243 634 2267 “
645 2231 777 2302 δέσποτα,
803 2231 874 2308 μήτε
900 2233 997 2302 λυπέο,

195 2321 266 2398 μήτε
301 2321 450 2398 συμφορήν
483 2321 621 2397 μηδεμίαν
655 2320 782 2400 μεγάλην
813 2325 892 2378 ποιεῦ
918 2320 998 2380 τοῦδε

196 2415 246 2469 τοῦ
272 2408 421 2490 γεγονότος
442 2409 542 2468 εἵνεκεν
566 2408 739 2489 πρήγματος·
772 2408 804 2467 ού
830 2408 885 2489 γάρ
909 2409 999 2478 ξύλων

197 2497 270 2578 ἀγών
297 2497 312 2556 ὁ
340 2497 372 2555 τό
400 2501 456 2556 πᾶν
484 2498 575 2573 φέρων
609 2498 669 2556 ε’στὶ
696 2496 771 2574 ήμῖν,
800 2496 865 2557 ἀλλ’
893 2496 1000 2574 ἀνδρῶν

196 2611 226 2645 τε
248 2587 294 2643 καὶ
316 2586 415 2643 ἵππων·
437 2587 485 2644 σοὶ
506 2585 535 2644 δὲ
557 2585 620 2646 ούτε
639 2612 680 2648 τις
698 2586 802 2645 τούτων
819 2589 874 2646 τῶν
890 2585 924 2645 τό
942 2589 1000 2646 πᾶν

197 2680 252 2748 σφι
274 2671 327 2748 ἤδη
349 2672 497 2732 δοκεόντων
522 2674 713 2755 κατεργάσθαι
734 2673 848 2750 ἀποβάς
868 2673 924 2732 ἀπό
944 2678 1000 2734 τῶν

198 2766 264 2821 νεών
283 2760 447 2837 πειρήσεται
474 2761 647 2837 ἀντιωθῆναι,
672 2761 728 2821 οὔτ’
751 2767 780 2820 ε’κ
807 2767 857 2837 τῆς
883 2761 1000 2838 ἠπείρου

198 2850 294 2926 τῆσδε·
316 2849 387 2909 οἵτε
399 2849 467 2926 ἡμῖν
480 2850 664 2925 ἠντιώθησαν,
681 2851 780 2909 ἔδοσαν
794 2850 876 2912 δίκας.
911 2854 935 2908 εἰ
946 2850 1001 2926 μέν.

196 2964 244 2998 νυν
267 2937 362 3010 δοκέει,
387 2937 485 2996 αὐτίκα
508 2937 666 3014 πειρώμεθα
690 2943 740 3012 τῆς
765 2937 999 3012 Πελοποννήσου·

198 3030 221 3084 εἶ
239 3026 268 3084 δὲ
282 3026 327 3083 καὶ
341 3025 429 3083 δοκέει
443 3029 578 3102 ε’πισχεῖν,
593 3027 709 3103 παρέχει
723 3027 826 3085 ποιέειν
840 3031 937 3085 ταῦτα·
958 3028 999 3102 μὴ

198 3113 227 3171 δὲ
243 3113 385 3187 δυσθύμει·
411 3110 443 3169 ού
461 3111 515 3191 γάρ
534 3116 595 3169 ε’στι
609 3112 736 3187 Ἕλλησι
758 3112 871 3190 οὐδεμία
890 3113 1000 3175 ἔκδυσις

197 3200 237 3275 μή
249 3199 280 3257 οὔ
291 3199 387 3260 δόντας
398 3197 486 3278 λόγον
495 3202 550 3256 τῶν
562 3201 698 3274 ἐποίησαν
708 3204 755 3259 νῦν
765 3225 796 3259 τε
807 3201 852 3259 καὶ
862 3199 1000 3276 πρότερον

198 3285 267 3344 εἶναι
281 3284 348 3347 σούς
359 3284 483 3348 δούλους.
503 3284 632 3361 μάλιστα
642 3285 694 3363 μέν
706 3311 754 3348 νυν
766 3291 854 3347 ταῦτα
867 3287 952 3346 ποίεε·
975 3293 1001 3348 εἰ
