2268 3536
186 239 294 303 90-92]
486 243 688 292 TEPMXOPH.
954 246 982 292 41

184 321 310 395 ὕβρίσας
331 321 457 398 ἐξέβαλε,
472 321 556 392 δόξαν
573 323 604 382 δὲ
624 323 719 398 φύσας
736 322 890 392 αὐξάνεται·
911 322 985 383 ὥστε

183 409 396 484 ἐκμεμαθήκασι
408 411 537 486 μάλιστα
549 413 601 488 μὲν
615 415 641 470 οἱ
654 413 789 488 περίοικοι
802 410 891 472 αύτῶν
899 417 984 470 Βοιω-

181 497 229 554 τοὶ
243 499 288 556 καὶ
302 499 462 568 Χαλκιδέες,
476 499 551 579 τάχα
564 499 596 558 δέ
611 525 653 562 τις
666 499 712 558 καὶ
726 497 815 561 ἄλλος
829 498 983 575 ἐκμαθήσε-

181 610 230 643 ται
249 585 387 663 ἁμαρτών.
416 587 477 646 ε’πεί
487 613 518 646 τε
532 587 562 646 δὲ
576 591 666 648 ἐκεῖνα
679 585 848 663 ποιήσαντες
861 585 983 665 ἡμάρτο-

181 699 242 749 μεν,
265 679 313 734 νῦν
335 675 528 752 πειρησόμεθά
552 682 644 752 σφεας
668 675 727 752 ἅμα
753 674 818 752 ύμῖν
839 673 984 750 άκεόμενοι

180 761 329 822 τίσασθαι·
350 762 436 822 αύτού
456 763 512 844 γάρ
536 763 639 824 τούτου
661 765 761 824 εἵνεκεν
782 763 862 822 τόνδε
883 787 914 821 τε
934 762 983 822 τόν

180 846 294 925 Ἱππίην
306 851 553 930 μετεπεμψάμεθα,
568 853 613 912 καὶ
628 853 714 930 ύμέας
727 851 783 912 άπύ
799 855 854 912 τῶν
867 851 981 924 πολίων,

181 937 227 998 ἵνα
240 944 321 1018 κοινῷ
334 967 364 1000 τε
378 940 454 1021 λόγῳ
469 941 514 999 καὶ
526 946 608 1021 κοινῷ
619 942 717 1022 στόλῳ
732 939 917 1021 ἐσαγαγόντες
936 937 982 998 αύ-

178 1024 231 1085 τδν
244 1032 272 1090 ε’ς
284 1028 335 1092 τάς
347 1028 467 1104 Ἀθήνας
481 1028 626 1106 ἀποδῶμεν
640 1030 676 1090 τά
690 1031 735 1088 καὶ
749 1025 949 1104 άτειλύμεθα.”

224 1119 264 1173 Οἱ.
273 1119 324 1191 μὲν
336 1122 423 1176 ταῦτα
438 1118 544 1198 ἔλεγον·
565 1122 620 1178 τῶν
633 1119 663 1177 δὲ
676 1117 833 1195 συμμάχων
853 1115 886 1174 τό
907 1115 979 1190 πλῆ-
991 1115 1028 1174 92

180 1203 231 1264 θος
249 1202 298 1261 ούκ
316 1204 451 1262 ἐνεδέκετο
472 1203 537 1267 τούς
557 1205 670 1285 λόγους.
713 1209 739 1264 οἶ
757 1205 809 1281 μίν
830 1229 877 1263 νυν
894 1202 980 1262 ἄλλοι

181 1286 304 1366 ἡσυχίην
316 1289 393 1368 ἦγον,
409 1290 557 1366 Κορίνθιος
568 1292 599 1350 δὲ
614 1293 774 1367 Σωσικλίης
788 1292 864 1360 ἔλεξε
877 1291 951 1350 τάδε.

223 1375 287 1434 “Ἦ
301 1377 335 1453 δὴ
350 1377 409 1437 ὅτε
426 1377 539 1454 ούρανδς
553 1380 633 1438 ἔσται
646 1381 737 1455 ἔνερθε
749 1383 799 1454 τῆς
819 1383 872 1458 γῆς
893 1379 938 1436 καὶ
959 1377 978 1454 ἦ

178 1467 219 1544 γῆ
238 1467 374 1542 μετέωρος
387 1465 457 1542 ύπὲρ
471 1469 520 1525 τοῦ
534 1465 659 1543 ούρανοῦ,
676 1467 722 1525 καὶ
737 1469 762 1524 οἱ
775 1464 915 1542 ἅνθρωποι
936 1493 979 1525 νο

178 1551 235 1626 μὸν
248 1558 277 1612 ἐν
290 1551 428 1632 θαλάσση
441 1555 536 1624 ἕξουσι
554 1555 600 1612 καὶ
619 1558 645 1614 οἶ
665 1554 757 1634 ἰχθύες
776 1555 825 1614 τόν
843 1552 979 1632 πρότερον

178 1638 328 1717 ἅνθρωποι,
349 1642 404 1710 ὅτε
417 1669 451 1722 γε
465 1642 557 1718 ὑμεῖς,
580 1641 843 1722 ὦΛακεδαιμόνιοι,
867 1645 978 1720 ἰσοκρα-

179 1729 239 1791 τίας
257 1730 440 1799 καταλύοντες
459 1733 619 1808 τυραννίδας
638 1737 664 1794 ἔς
681 1733 731 1796 τὰς
746 1732 829 1795 πόλις
847 1731 977 1812 κατάγειν

177 1817 435 1892 παρασκευάζεσθε·
461 1824 512 1878 τοῦ
537 1819 600 1879 οὔτε
623 1819 785 1898 α’δικώτερον
809 1819 888 1880 ούδίν
914 1825 976 1880 ἔστι

177 1904 239 1964 κατ’
260 1905 420 1983 ἀνθρώπους
446 1906 509 1966 ούτε
533 1909 765 1986 μιαιφονώτερον.
808 1913 831 1967 εἰ
858 1907 913 1989 γάρ
940 1907 976 1984 δὴ

176 1993 262 2052 τοίλώ
281 2020 315 2075 γε
338 1993 425 2054 δοκέει
445 1995 511 2072 ύμῖν
533 1996 601 2056 εἶναι
622 1996 756 2076 χρηστόν,
780 1997 852 2056 ὥστε
878 2023 974 2072 τυραν-

177 2080 307 2142 νεύεσθαι
326 2082 376 2146 τάς
396 2083 487 2153 πόλις,
510 2083 589 2144 αύτοὶ
610 2089 715 2162 πρώτοι
735 2085 869 2161 τύραννον
893 2110 973 2142 κατα-

177 2169 352 2246 στησάμενοι
375 2173 452 2248 παραὶ
475 2175 563 2250 σφίσι
587 2173 705 2243 αύτοῖσι,
729 2173 799 2232 οὕτω
826 2173 872 2230 καὶ
897 2177 975 2231 τοῖσι

177 2256 295 2320 ἄλλοισι
311 2261 427 2336 δίζησθε
447 2261 620 2322 κατιστάναι·
642 2267 690 2321 νῦν
711 2261 748 2329 δὲ,
766 2261 846 2320 αὐτοὶ
868 2259 977 2336 ἄπειροι

176 2346 268 2411 ε’όντες
285 2349 430 2425 τυράννοιν,
445 2351 490 2408 καὶ
511 2349 710 2424 φυλάσσοντες
728 2347 871 2407 δεινότατα
890 2351 974 2408 τοῦτο

175 2439 207 2494 ἐν
227 2440 263 2515 τῇ
285 2429 400 2516 Σπάρτη
419 2438 464 2515 ,μὴ
486 2438 626 2518 γενέσθαι,
650 2437 837 2516 παραχρᾶσθε
861 2441 888 2500 ἐς
911 2436 975 2501 τούς

174 2525 352 2604 συμμάχους.
395 2531 419 2585 εἰ
440 2527 473 2585 δὲ
498 2524 577 2585 αύτοὶ
605 2527 732 2603 ἔμπειρα
761 2526 822 2584 ἔατε
851 2525 974 2604 κατάπερ

174 2612 264 2688 ἡμεῖς,
277 2611 366 2692 εἴχετε
384 2613 419 2674 ἂν
436 2615 500 2691 περὶ
517 2613 601 2674 αὐτοῦ
618 2613 730 2696 γνώμας
743 2613 889 2692 ἀμείνονας
901 2640 974 2692 συμ

172 2700 341 2777 βάλλεσθαι
360 2702 431 2780 ἢπερ
453 2707 510 2762 νῦν.

214 2793 464 2854 ΚΟΡΙΝΘΙΟΙΣΙ
484 2790 540 2872 γάρ
556 2790 591 2867 ἦν
610 2791 710 2855 πόλιος
729 2791 904 2855 κατάστασις
918 2817 974 2852 τοι·

171 2877 233 2954 η’δε·
254 2878 289 2955 ἦν
302 2878 460 2960 ὀλιγαρχίη,
475 2880 520 2938 καὶ
542 2877 619 2939 οὗτοι
632 2879 787 2959 Βακχιάδαι
808 2879 974 2956 καλεόμενοι

174 2968 272 3042 ἔνεμον
283 2967 336 3042 την
348 2966 442 3027 πόλιν·
464 2968 592 3027 ἐδίδοσαν
611 2967 641 3026 δὲ
658 2968 704 3025 καὶ
724 2967 827 3048 ἤγοντο
841 2968 872 3038 ἐξ
883 2967 973 3042 άλλη-

174 3057 241 3114 λιυν,
282 3055 416 3132 Ἀμφίονι
436 3056 473 3126 δὲ,
489 3055 561 3114 ἐόντι
580 3054 684 3115 τούτων
704 3059 759 3115 τῶν
775 3055 888 3131 ἀνδρῶν,
901 3055 973 3135 γίνε-

171 3167 220 3201 ται
232 3143 356 3225 θυγάτηρ
369 3143 458 3222 χωλή·
479 3142 584 3220 οὕνομα
597 3143 628 3202 δέ
641 3146 667 3202 οἷ
680 3143 715 3218 ἦν
728 3142 840 3218 Λάβδα·
861 3140 972 3215 ταύτην,

174 3231 352 3310 Βακχιαδέων
370 3231 425 3311 γάρ
441 3231 530 3294 οὐδεὶς
550 3229 635 3307 η”θελε
655 3235 752 3311 γῆμαι,
768 3231 844 3304 ἴσχει
856 3227 973 3285 Ἠετίων

172 3317 393 3397 ύἘχεκροίτεος,
407 3319 497 3397 δήμου
512 3323 564 3396 μὲν
579 3319 622 3402 [ἐκ
636 3315 757 3397 Πέτρης]
772 3315 830 3387 ε’ών,
845 3311 916 3390 α’τᾶρ
936 3313 972 3372 τά

171 3405 307 3468 ἀνέκαθεν
320 3409 448 3486 Λαπίθης
461 3433 492 3468 τε
507 3408 553 3467 καὶ
566 3405 722 3480 Καινείδης·
744 3409 773 3460 ε’κ
788 3402 819 3460 δέ
832 3403 860 3459 οἱ
870 3399 972 3474 ταύτης
