2262 3534
137 171 175 230 26,
189 169 230 232 27]
443 166 630 217 KAAAIOHH·
886 165 933 214 293

137 245 257 303 κατιέναι
270 244 453 320 Ἡρακλείδας
472 245 517 302 ε’πὶ
530 243 566 302 τό.
582 243 715 320 πατρώϊα·
736 241 770 318 ἢν
784 243 813 302 δὲ
826 244 932 322 νικηθῇ,

137 333 171 392 τὰ
189 334 309 410 ἔμπαλιν
326 331 509 408 Ἡρακλείδας
527 331 777 401 ἀπαλλάσσεσθαι,
798 333 843 390 καὶ
863 330 933 390 ἀπό-

137 447 195 502 γειν
221 421 272 497 τήν
298 420 441 498 στρατιήν·
474 421 571 482 ἑκατόν
592 447 623 480 τε
650 421 730 480 ε’τέων
751 419 790 496 μὴ
815 421 934 496 ζητῆσαι

137 509 253 569 κάτοδον
280 515 307 574 ἔς
335 510 565 585 Πελοπόννησον.
607 509 758 585 προεκρίθη
785 533 816 567 τε
843 507 876 583 δή
904 513 934 566 ἐκ

136 597 245 657 πόντων
261 597 418 676 συμμάχων
434 597 582 672 ἐθελοντής
600 595 724 674 Ἔχεμος
746 595 763 656 ό
784 595 933 672 Ἠερόπου,

136 689 185 744 τοῦ
206 687 320 765 Φηγέος,
339 685 496 767 στρατηγός
513 710 543 744 τε
563 685 612 743 έιύν
627 684 672 742 καὶ
685 684 825 760 βασιλεύς
838 683 933 760 ἡμέτε-

135 797 192 849 ρος·
214 773 259 830 καὶ
277 773 492 852 ἐμουνομάχησέ
507 798 537 832 τε
554 775 599 831 καὶ
614 773 755 832 ἀπέκτεινε
764 772 882 831 Ὕλλον·
905 776 935 830 ἔκ

136 858 235 918 τούτου
244 863 294 920 τοῦ
305 861 386 942 ἔργου
397 861 533 938 εύρόμεθα
545 867 573 919 ἐν
586 865 661 920 τοῖσι
678 861 934 936 Πελοποννησίοισι

135 949 212 1007 τοῖσι
229 947 293 1008 τότε
309 950 355 1008 καὶ
371 948 448 1008 ἄλλα
464 951 546 1030 γέρεα
566 950 686 1029 μεγάλα,
703 949 738 1008 τό
758 949 935 1024 διατελέομεν

137 1034 252 1113 ἔχοντες,
271 1036 381 1096 καὶτοῦ
400 1038 493 1114 κέρεος
509 1041 559 1096 τοῦ
579 1037 671 1113 ἑτέρου
690 1038 742 1095 αἰεὶ
758 1035 934 1116 ἡγεμονεύειν

137 1127 229 1198 κοινοῖς
243 1124 337 1194 ἐξόδου
357 1125 511 1205 γινομένης·
526 1123 603 1199 ·ύμῖν
621 1125 672 1201 μέν
687 1150 743 1193 νυν,
762 1123 783 1182 ὧ
801 1124 933 1182 Λακεδαι-

136 1209 236 1285 μόνιοι,
248 1212 297 1269 ούκ
311 1211 484 1290 ἀντιεύμεθα·
499 1211 576 1271 ἀλλὰ
589 1211 709 1275 διδόντες
721 1212 829 1289 αἵρεσιν
843 1211 934 1271 όκοτέ-

136 1322 188 1372 μου
200 1297 344 1372 βούλεσθε
360 1302 452 1376 κέρεος
466 1301 569 1379 ἄρχειν,
584 1302 725 1378 παρίεμεν·
742 1305 791 1360 τοῦ
801 1301 830 1360 δὲ
842 1300 934 1376 ἑτέρου

138 1387 231 1460 φαμὲν
247 1386 334 1462 ἡμέας
353 1389 492 1448 ἱκνέεσθαι
507 1388 692 1470 ἡγεμονεύειν,
711 1388 832 1464 κατάπερ
851 1392 880 1445 έν
897 1390 935 1464 τῷ

137 1472 245 1549 πρόσθε
268 1475 368 1553 χρόνῳ.
409 1478 492 1554 χωρίς
512 1503 542 1536 τε
562 1476 661 1536 τούτου
683 1480 733 1536 τοῦ
755 1475 933 1556 ἀπηγημένου

137 1562 225 1640 ἔργου,
256 1561 454 1639 ἀξιονικότεροί
477 1569 550 1641 εἶμεν
575 1565 729 1641 Ἀθηναίων
754 1562 857 1639 ταύτην
882 1562 935 1638 τήν

136 1649 214 1719 τόξιν
232 1651 312 1728 ἔχειν·
339 1653 445 1712 πολλοὶ
460 1655 511 1728 μὲν
527 1652 581 1733 γάρ
594 1677 625 1711 τε
639 1653 684 1710 καὶ
701 1651 729 1711 εὖ
744 1653 852 1731 ἔχοντες
864 1650 934 1728 πρός

136 1736 221 1813 ύμέας
233 1738 309 1815 ἡμῖν,
329 1739 425 1818 ἅνδρες
444 1743 625 1818 Σπαρτιῆται,
640 1733 742 1822 όγῶνες
760 1740 933 1821 ἀγωνίδαται,

135 1826 240 1882 πολλοὶ
259 1825 288 1884 δὲ
308 1828 353 1884 καὶ
372 1829 442 1904 πρός
460 1829 574 1892 ἄλλους·
596 1828 666 1888 οὕτω
680 1829 716 1888 ὧν
728 1828 816 1905 ἡμέας
829 1828 934 1887 δίκαιον

135 1912 208 1990 ἔχειν
220 1912 253 1972 τό
268 1913 361 1991 ἕτερον
376 1917 465 1992 κέρας,
480 1915 551 1992 ἦπερ
566 1916 738 1991 Ἀθηναίους·
760 1915 792 1974 οὗ
808 1915 863 1995 γάρ
877 1914 934 1990 σφί

135 2004 196 2059 ε’στι
211 2001 278 2081 ἔργα
292 2001 337 2060 οἷό
350 2028 402 2078 περ
417 2002 484 2079 ἡμῖν
499 2004 717 2083 κατεργασμένα,
732 2001 787 2060 οὔτ’
801 2001 838 2060 ὧν
852 2001 932 2060 καινὰ

134 2087 340 2147 οὕτεπαλαιό.”

175 2178 212 2233 Οἱ
232 2178 284 2250 μὲν
303 2179 391 2234 ταῦτα
413 2177 531 2256 ἔλεγον·
545 2176 689 2251 Ἀθηναῖοι
710 2177 739 2236 δὲ
760 2175 830 2252 πρός
845 2177 980 2235 ταῦτα27

134 2259 314 2339 ύπεκρίναντο
332 2263 406 2322 τόδε·
429 2275 446 2300 “
455 2264 629 2340 ἐπιστάμεθα
645 2268 696 2341 μὲν
714 2264 833 2324 σύνοδον
853 2264 933 2339 τήνδε

133 2347 226 2428 μόχης
244 2351 332 2408 εἵνεκα
351 2356 525 2432 συλλεγῆναι
541 2353 610 2429 πρός
626 2353 675 2412 τόν
693 2353 850 2430 βόρβορον,
867 2350 934 2410 ἀλλ’

134 2436 165 2495 ού
182 2437 287 2518 λόγων.
329 2438 388 2496 ε’πεὶ
409 2438 437 2497 δὲ
459 2438 475 2498 ὁ
502 2440 639 2520 Τεγεήτης
665 2441 802 2518 προέθηκε
826 2441 934 2500 παλαιὰ

133 2524 179 2582 καὶ
200 2525 280 2586 καινὰ
300 2527 393 2607 λέγειν
412 2527 447 2587 τό
468 2529 623 2605 ἑκατέροισι
642 2533 670 2586 ἐν
688 2532 727 2607 τῷ
743 2528 826 2587 παντὶ
842 2527 933 2607 χρόνῳ

134 2613 320 2694 κατέργασται
335 2616 456 2693 χρηστὰ,
475 2615 628 2696 ἀναγκαίως
645 2616 713 2691 ἡμῖν
733 2616 790 2695 ἔχει
808 2616 933 2692 δηλῶσαι

133 2701 203 2776 πρός
223 2701 315 2778 ύμέας,
336 2702 400 2763 ὅθεν
420 2703 488 2780 ἡμῖν
508 2703 646 2781 πατριόῖόν
676 2709 744 2773 ε’στι,
765 2708 842 2762 έοῦσι
866 2730 933 2782 χρη-

133 2793 230 2848 στοῖσι
240 2793 300 2861 αἰεὶ,
315 2791 451 2868 πριύτοισι
465 2792 533 2852 εἶναι
546 2796 659 2868 μᾶλλον
673 2791 828 2870 ἡἈρκόσι·
847 2792 931 2869 Ἡρα-

133 2876 244 2939 κλείδας
260 2879 316 2937 τῶν
331 2876 406 2938 οὗτοι
425 2882 500 2956 φασὶ
515 2880 676 2940 ἀποκτεῖναι
695 2879 745 2940 τόν
761 2878 885 2960 ἡγεμόνα
904 2885 932 2939 έν

131 2960 245 3043 Ἰσθμῷ,
260 2969 343 3024 τοῦτο
360 2971 412 3044 μὲν
429 2968 543 3031 τούτους
556 2967 691 3045 πρότερον
705 2968 933 3041 ἐξελαυνομένους

132 3049 186 3110 ύπδ
198 3051 307 3112 πάντων
316 3058 371 3114 τῶν
380 3053 525 3129 Ἑλλήνων
538 3060 565 3119 ές
578 3056 642 3119 τούς
655 3054 801 3114 ἀπικοίατο
816 3054 932 3132 φεύγον-

131 3164 176 3202 τες
196 3140 369 3218 δουλοσύνην
388 3143 458 3220 πρός
482 3145 658 3220 Μυκηναίων,
679 3146 777 3221 μοῦνοι
800 3141 932 3211 ὑποδεξά-

133 3253 217 3304 μενοι,
232 3229 284 3305 τὴν
297 3229 458 3307 Είρυσθέος
468 3231 552 3309 ὕβριν
563 3234 735 3308 κατείλομεν,
750 3229 804 3290 σύν
817 3231 932 3290 κείνοισι

129 3317 208 3398 μα’χῃ
229 3319 391 3396 νικήσαντες
406 3320 470 3383 τοίς
485 3321 549 3381 τότε
567 3323 681 3400 ἔχοντας
700 3318 930 3396 Πελοπόννησον·

140 3400 238 3450 11.—23
1063 3413 1126 3496 Δ
