2268 3536
177 203 286 267 ατ-αο]
474 203 678 254 υυτνικουα.
858 255 864 262 ,
948 208 979 252 ου

178 309 234 351 κας,
245 282 297 358 τήν
311 281 341 341 δὲ
355 283 461 357 ἐσθῆτα
474 283 655 359 μετέβαλλον
669 281 772 344 αότέων
786 289 814 347 ἐς
826 282 879 360 τήν
891 281 978 344 Ἰάδα·

177 369 295 446 ἐφόρεον
310 369 366 451 γοίρ
383 370 416 446 δή
436 370 491 447 πρό
505 374 555 430 τοῦ
574 374 602 429 αἰ
620 376 674 431 τῶν
687 370 841 448 Ἀθηναίων
853 375 981 456 γυναῖκες

179 459 285 534 ἐσθῆτα
299 459 417 535 Δωρίδα,
432 463 467 537 τῇ
482 453 618 537 Κορινθίῃ
631 459 917 536 παραπλησιωτάτην·
931 486 979 536 με«

176 547 322 622 τέβαλλον
340 547 377 606 ὦν
394 553 421 610 ἐς
439 547 488 606 τόν
506 548 598 607 λίνεον
612 548 722 616 κιθῶνα,
738 548 782 606 ἵνα
796 547 829 623 δή
843 547 979 626 περόνῃσι

175 634 215 710 μή
228 636 371 712 χρέωνται·
395 635 510 714 (ἔστιδὲ
524 634 715 716 αἷληθέῖλόγῳ
729 635 912 713 χρεωμένοισι
928 634 978 694 οιίκ

175 721 231 784 Ἰιίς
253 723 322 798 αὕτη
341 722 359 798 ἦ
378 723 464 798 ἐσθής
483 722 516 782 τδ
535 722 666 793 παλαιόν,
685 721 763 781 οἰλλιί
777 722 895 799 Κάειρα·
917 725 976 782 ἐπεὶ

175 809 197 878 ἤ
207 837 240 890 γε
253 809 407 886 Ἑλληνική
427 811 513 886 ἐσθής
529 815 610 870 πᾶσα
623 811 641 886 ἡ
655 811 759 890 α’ρχαίη
776 815 831 870 τῷν
844 815 980 891 γυναικῶν
988 815 1027 872 88

176 893 279 974 ήαιίτή
294 897 328 974 ἦν
340 898 392 974 τήν
408 903 456 960 νῦν
471 900 583 976 Δωρίδα
599 900 759 979 καλέομεν)
779 902 856 958 τοῖσι
873 900 903 958 δὲ
915 898 978 976 Ἀρ-

175 987 346 1065 γείοισι-καί
367 987 447 1047 τοῖσί
466 987 635 1066 Αἰγινήτῃσι
657 988 703 1046 καὶ
728 986 799 1064 πρός
824 991 913 1047 ταῦτα
937 988 977 1046 ἔτι

175 1073 239 1133 τόδε
257 1079 376 1150 ποιῆσαι
397 1075 483 1152 νόμον
497 1075 566 1134 εἶναι
582 1075 658 1152 παρό
672 1082 729 1152 σφι
743 1075 908 1153 ἑκατέροισι·
928 1075 979 1138 τὰς

175 1161 295 1238 περόνας
313 1163 444 1238 ήμιολίας
465 1165 612 1224 ποιέεσθαι
634 1168 684 1224 τοῦ
705 1163 769 1224 τότε
790 1167 979 1226 κατεστεῶτος

176 1248 287 1325 μέτρου,
306 1250 351 1306 καὶ
374 1255 400 1314 ἐς
421 1250 454 1310 Ιτό
478 1251 537 1327 ἰρὸν
558 1257 613 1311 τῶν
635 1252 704 1311 θεῶν
721 1253 840 1310 τουτέων
860 1251 979 1328 περόνας

176 1335 305 1412 μάλιστα
322 1335 479 1396 ἀνατιθέναι
499 1337 548 1400 τοίς
564 1342 704 1417 γυναῖκας·
724 1337 852 1398 Ἀττικόν
866 1339 896 1397 δέ
908 1338 979 1414 μήτε

175 1449 203 1482 τι
225 1422 300 1484 ι’ίλλα
322 1425 495 1502 προσφέρειν
516 1424 586 1502 πρός
608 1426 641 1484 τό
665 1425 732 1501 ἱρόν,
754 1423 825 1502 μήτε
847 1426 976 1502 κέραμον,

175 1511 242 1571 ἀλλ’
259 1518 289 1572 ἐκ
309 1513 445 1593 χυτρίδων
466 1514 633 1592 ἐπιχωριέων
651 1513 738 1590 νόμον
755 1512 788 1572 τό
802 1511 909 1573 λοιπόν
927 1511 973 1572 αό-

175 1598 237 1660 τόθι
252 1601 321 1661 εἶναι
334 1602 429 1661 πίνειν.
472 1601 606 1684 Ἀργείων
618 1603 671 1679 μέν
689 1628 737 1661 νυν
751 1601 796 1660 καὶ
810 1603 978 1682 Αἰγινητέων

174 1692 204 1747 αἰ
217 1695 345 1771 γυναῖκες
360 1691 388 1748 ἐκ
401 1717 432 1750 τε
446 1691 534 1750 τόσου
548 1689 607 1750 κατ’
622 1692 678 1768 ἐριν
691 1694 746 1750 τῶν
758 1689 911 1766 Ἀθηναίων
929 1717 976 1749 πε·

173 1777 257 1852 ρόνας
271 1780 310 1838 ἐτι
324 1779 370 1836 καὶ
384 1784 411 1841 ἐς
426 1781 474 1856 ἐμὲ
490 1779 608 1856 ἐφόρεον
621 1780 739 1856 μέζονας
752 1776 770 1855 ἢ
783 1778 838 1854 πρό
852 1783 912 1837 τοῦ.

215 1869 271 1941 Τῆς
295 1865 324 1924 δὲ
347 1867 447 1944 ἔχθρης
470 1871 520 1942 τῆς
541 1867 612 1944 πρός
629 1865 779 1948 Αἰγινήτας
798 1865 975 1942 Ἀθηναίοισι
986 1869 1021 1924 89

174 1955 325 2032 γενομένης
344 1952 418 2033 όρχή
439 1955 509 2014 κατοί
527 1955 563 2014 τοὶ
581 1956 686 2032 εἴρηται
700 1955 818 2036 ἐγένετο.
859 1953 924 2014 τότε
942 1955 976 2031 δή

174 2042 308 2116 Θηβαίων
336 2043 564 2120 ἐπικαλεομένων,
587 2042 736 2122 προθύμως
766 2046 822 2104 τῶν
848 2043 913 2119 περὶ
938 2041 975 2104 τὰ

174 2126 326 2208 α’γιίλματα
346 2132 501 2211 γενομένων
520 2129 795 2207 ἀναμιμνησκόμενοι
819 2133 846 2189 οἰ
864 2133 975 2210 Αἰγινῆ-

173 2241 220 2274 ται
244 2217 380 2294 ἐβοήθεον
407 2223 483 2278 τοῖσι
508 2223 666 2277 Βοιωτοῖσι.
709 2217 859 2297 Αἰγινῆταί
883 2243 914 2276 τε
940 2217 974 2292 δή

174 2302 269 2384 ἐδήευν
281 2310 332 2382 τῆς
345 2305 473 2381 Ἀττικῆς
485 2305 522 2364 τὰ
537 2304 770 2382 παραθαλάσσια,
786 2305 832 2361 καί
848 2302 976 2380 Ἀθηναί-

174 2419 233 2454 οισι
247 2393 449 2471 ὁρμεωμέναισι
463 2392 504 2452 ἐπ’
516 2391 665 2472 Αἰγινήτας
679 2390 890 2468 στρατεύεσθαι,
905 2391 976 2469 ἦλθε

148 2485 150 2490 ’
173 2482 309 2558 μαντήϊον
333 2487 363 2540 ἐκ
385 2485 508 2556 Δελφοῖν
530 2480 699 2558 ἐπισχόντας
715 2478 772 2540 α’πδ
794 2483 845 2540 τοῦ
864 2485 975 2563 Αἰγινη-

173 2569 241 2628 τέων
260 2568 366 2629 ἀδικίου
386 2569 535 2647 τριήκοντα
554 2571 623 2639 ἐτεα,
637 2573 675 2648 τῷ
695 2569 733 2628 ἐνί
752 2569 798 2628 καὶ
811 2575 975 2650 τριηκοστῷ,

174 2660 268 2735 Αἰακῷ
282 2659 396 2735 τέμενος
413 2657 600 2728 ἀποδέξαντας
621 2656 760 2737 ἄρχεσθαι
778 2661 829 2718 τοῦ
847 2657 917 2736 πρός
935 2663 982 2718 Αἰ-

172 2743 287 2824 γινήτας
307 2747 444 2823 πολέμου·
466 2747 515 2805 καί
532 2753 588 2824 σφι
608 2745 749 2826 χωρήσειν
761 2745 797 2806 ταὶ
809 2745 974 2822 βούλονται·

173 2831 208 2908 ἢν
221 2833 251 2890 δέ
264 2833 363 2892 αὐτίκα
377 2834 635 2912 ἐπιστρατεύωνται,
650 2833 747 2893 πολλὰ
765 2835 817 2911 μέν
836 2841 928 2910 σφεας
946 2839 975 2896 ἐν

172 2924 212 2999 τῷ
224 2921 329 2998 μεταξιί
342 2927 392 2982 τοῦ
405 2924 509 3002 χρόνου
520 2923 671 2983 πείσεσθαι
681 2921 778 2982 πολλιί
793 2923 822 2982 δέ
836 2925 883 2982 καὶ
896 2923 975 3000 ποιή-

173 3033 245 3068 σειν·
266 3010 348 3073 τέλος
360 3012 455 3086 μέντοι
470 3011 724 3089 καταστρέψεσθαι.
759 3014 847 3070 ταῦτα
861 3010 896 3074 ὦς
910 3010 975 3069 ιίπε-

174 3098 317 3176 νειχθέντα
330 3097 456 3173 ἥκουσαν
470 3103 496 3158 οἰ
508 3098 660 3175 Ἀθηναῖοι,
674 3103 713 3177 τῷ
725 3101 777 3175 μὲν
791 3101 885 3176 Αἰακῷ
897 3097 975 3174 τέμε-

174 3210 221 3247 νος
241 3185 296 3245 οἷπέ
312 3187 385 3257 εξαν,
398 3193 482 3248 τοῦτο
499 3186 533 3247 τό
552 3191 600 3248 νῦν
616 3187 662 3246 ἐπὶ
678 3191 728 3262 τῆς
741 3185 846 3265 α’γορῆς
860 3185 974 3261 ἵδρυται·

173 3273 323 3350 τριήκοντα
344 3274 373 3333 δὲ
391 3275 453 3334 ἔτεα
474 3274 523 3334 οὐκ
540 3274 695 3353 ἀνέσχοντο
716 3271 885 3332 ἀκούσαντες
907 3269 975 3334 ὅκως

174 3361 264 3440 χρεαίν
288 3363 329 3437 εἰη
353 3367 488 3442 ἐπισχεῖν,
513 3362 688 3422 πεπονθότας
711 3357 781 3434 πρός
806 3358 974 3437 Αἰγινητέων
