2276 3538
166 146 272 209 17-20]
486 143 672 193 nomm.
919 146 962 194 ιιι

164 229 224 286 ἐπεὶ
242 227 271 286 δέ
287 226 415 303 δαιμονίη
429 251 471 288 τις
483 225 589 305 γίνεται
610 223 693 300 ὁρμὴ,
708 225 754 282 καὶ
764 223 916 299 Ἕλληνας,
931 224 966 288 ῶς

163 318 243 385 ἔοικε,
262 315 357 391 φθορή
376 340 418 377 τις
440 311 655 388 καταλαμβάνει
677 310 821 386 θεήλατος,
844 311 898 392 ἐγῶ
915 314 967 389 μέν

163 406 210 462 καὶ
234 403 316 465 αύτός
338 402 479 479 τράπομαι
501 402 547 458 καὶ
569 399 620 474 την
641 398 753 479 γνώμην
774 399 965 476 μετατίθεμαι·

163 491 245 551 σῦδέ
259 490 387 569 σήμηνον
407 492 459 565 μὲν
472 490 606 567 Πέρσησι
620 487 655 546 τά
670 492 699 544 ἐκ
713 490 764 545 τοῦ
779 487 843 546 θεοῦ
859 486 967 564 πεμπό·

163 605 241 655 μενα,
255 580 380 658 χρῆσθαι
395 579 424 636 δὲ·
438 577 533 635 κέλευε
546 579 622 634 τοῖσι
638 580 667 633 ἐκ
681 575 733 634 σέο
745 573 883 650 πρώτοισι
900 601 966 651 προ-

165 669 335 744 ειρημένοισι
350 673 377 728 ἐς
390 665 442 740 τήν
456 663 645 740 παρασκευήν·
667 663 745 724 ποίεε
759 662 788 721 δὲ
800 661 877 732 οὕτω,
889 661 966 733 ὅκως,

163 760 213 814 τοῦ
235 757 300 815 θεοῦ
323 753 530 829 παραδιδόντος,
554 755 609 810 τῶν
630 754 689 810 σῶν
711 749 835 826 ἐνδεήσει
855 750 966 826 μηδέν.”

164 842 270 902 τούτων
286 843 451 921 λεχθέντων,
469 841 588 900 ἐνθαῦτα
606 839 769 923 ἐπαρθέντες
787 841 823 917 τῇ
843 837 915 916 ὄψει,
932 837 967 902 ῶς

163 930 252 1007 η’μέρη
267 931 376 1011 ἐγένετο
389 929 520 1008 τάχιστα,
530 927 635 1004 Ξέρξης
645 925 675 986 τέ
688 927 865 1004 ὑπερετίθετο
878 930 966 986 ταῦτα

164 1022 305 1096 Πέρσησι,
320 1019 366 1076 καὶ
379 1015 564 1094 Ἀρτάβανος,
580 1015 610 1078 ὃς
630 1014 766 1092 πρότερον
783 1014 967 1074 ἀποσπεύδων

164 1111 265 1183 μοῦνος
279 1107 416 1181 ἐφαίνετο,
426 1105 491 1164 τότε
505 1104 677 1163 ἐπισπεύδων
692 1103 812 1179 φανερῶς
824 1102 868 1178 ἦν.

205 1193 367 1272 Ὡρμημένῳ
384 1194 413 1252 δὲ
427 1193 518 1270 Ξέρξη
540 1192 766 1268 στρατηλατέειν,
784 1191 857 1267 μετά
876 1195 964 1249 ταῦτα
977 1193 1012 1251 19

163 1281 243 1356 τρίτη
257 1279 320 1358 ὄψις
333 1287 361 1340 ἐν
374 1286 412 1360 τῷ
425 1280 501 1360 ῦπνῳ
515 1281 631 1360 ἐγένετο,
645 1279 697 1354 τὴν
710 1282 737 1338 οἱ
750 1278 837 1359 μάγοι
859 1280 967 1354 ἔκριναν

163 1368 333 1433 ἀκούσαντες
351 1371 445 1446 φέρειν
458 1395 489 1428 τε
504 1368 549 1426 ἐπὶ
563 1371 660 1426 πᾶσαν
675 1371 737 1447 γῆν,
752 1365 913 1426 δουλεύσειν
934 1368 967 1425 τέ

164 1460 191 1516 οἱ
209 1455 314 1521 πάντας
331 1457 501 1534 άνθροίπους.
543 1455 561 1532 ἡ
583 1455 612 1514 δὲ
632 1454 696 1532 ὄψις
709 1454 744 1530 ἦν
759 1453 817 1530 ἦδε·
839 1453 929 1514 ἐδόκεε
950 1453 966 1513 ὁ

163 1546 268 1622 Ξέρξης
291 1546 507 1621 ἐστεφανῶσθαι
530 1545 624 1619 ἐλαίης
647 1545 753 1622 θαλλῷ·
782 1541 838 1602 dvo*
863 1543 892 1601 δὲ
915 1546 968 1618 τῆς

164 1635 259 1709 ἐλαίης
277 1633 342 1696 ποῦς
359 1632 477 1695 κλάδους
490 1637 544 1713 γῆν
561 1636 658 1692 πᾶσαν
679 1635 816 1709 ἐπισχεῖν·
837 1630 908 1706 μετά
928 1630 965 1700 δὲ,

164 1721 357 1796 ἀφανισθῆναι
370 1721 434 1797 περὶ
447 1724 482 1798 τῇ
497 1724 608 1798 κεφαλῇ
620 1721 745 1796 κείμενον
755 1719 804 1779 τόν
815 1720 963 1794 στέφανον.

164 1809 312 1885 κρινάντων
335 1809 364 1867 δὲ
385 1808 473 1887 ταύτῃ
497 1813 551 1867 τῶν
574 1809 679 1889 μάγων,
703 1807 836 1884 Περσέων
857 1833 888 1866 τε
911 1811 965 1866 τῶν

164 1898 378 1974 συλλεχθέντων
397 1897 496 1956 αὐτίκα
518 1900 573 1958 πᾶς
594 1896 664 1972 ἀνὴρ
687 1901 714 1958 ἐς
734 1895 786 1970 τὴν
806 1894 897 1973 α’ρχην
914 1894 966 1969 την

165 1988 265 2044 ἑωυτοῦ
285 1983 439 2054 άπελάσας,
457 1984 514 2062 εἶχε
535 1984 692 2060 προθυμίην
711 1987 809 2042 πᾶσαν
827 1984 873 2040 ἐπὶ
890 1987 966 2042 τοῖσι

165 2073 343 2149 εἰρημένοισι,
368 2073 457 2132 θέλων
484 2071 567 2134 αῦτῦς
594 2073 711 2133 ἕκαστος
737 2070 772 2128 τά
799 2071 966 2146 προκείμενα

165 2160 239 2236 δῦρο
260 2162 375 2236 λαβεῖν·
400 2162 446 2218 καὶ
469 2161 575 2236 Ξέρξης
594 2163 644 2218 τοῦ
664 2161 786 2236 στρατοῦ
809 2156 879 2215 οὕτω
901 2156 965 2214 ἐπά-

164 2274 262 2328 γερσιν
279 2249 409 2317 ποιέεται,
423 2253 515 2326 χῶρον
533 2247 626 2306 πάντα
646 2250 760 2322 ἐρευνῶν
775 2248 825 2320 τῆς
840 2244 965 2320 ἠπείρου.

164 2335 236 2396 Ἀπό
252 2335 306 2417 γάρ
320 2335 464 2416 Αἰγύπτου
480 2335 611 2403 άλῶσιος,
627 2335 672 2393 ἐπὶ
691 2337 743 2410 μὲν
762 2334 886 2409 τέσσερα
904 2334 965 2390 ἔτεα
975 2335 1012 2391 20

164 2424 274 2500 πλήρεα
294 2426 466 2501 παραρτέετο
485 2423 621 2500 στρατιήν
639 2449 669 2482 τε
688 2424 734 2480 καὶ
755 2421 789 2481 τά
811 2420 965 2498 πρόσφορα

164 2513 201 2589 τῇ
217 2517 347 2589 στρατιῇ·
368 2513 485 2592 πέμπτῳ
505 2513 534 2570 δὲ
553 2512 607 2570 ἐτεῖ
622 2511 744 2589 ἀνομένῳ
761 2508 965 2585 ἐστρατηλάτεε

163 2600 237 2677 χειρὶ
249 2600 361 2680 μεγάλη
379 2601 511 2675 πλήθεος.
553 2599 665 2658 στόλων
678 2599 741 2678 γάρ,
755 2601 809 2658 τῶν
828 2597 907 2674 η’μεῖς
927 2597 965 2656 ἰ’δ-

163 2713 223 2764 μεν,
237 2691 337 2766 πολλῷ
358 2688 391 2764 δὴ
412 2689 546 2769 μέγιστος
560 2685 640 2750 οὗτος
660 2688 776 2768 ἐγένετο·
799 2685 872 2746 ῶστε
892 2686 963 2762 μήτε

163 2775 213 2835 τάν
227 2777 348 2852 Δαρείου
361 2776 410 2836 τάν
424 2778 469 2835 ἐπὶ
483 2776 591 2840 Σκύθας
603 2775 680 2852 παρὰ
693 2779 793 2835 τοῦτον
803 2774 889 2850 μηδὲν
900 2776 977 2856 ψαί-Υ

164 2864 271 2934 νεσθαι,
292 2864 364 2940 μήτε
381 2864 430 2924 τόν
445 2863 589 2932 Σκυθικῶν,
610 2861 657 2922 ὅτε
674 2862 779 2925 Σκύθαι
793 2863 965 2939 Κιμμερίους

164 2951 306 3016 διώκοντες
321 2959 347 3015 ἐς
360 2954 411 3028 την
425 2951 555 3028 Μηδικήν
567 2951 661 3031 χώρην
675 2949 849 3028 ἐμβαλόντες
863 2949 965 3027 σχεδὸν

164 3039 256 3099 πάντα
268 3040 304 3100 τά
318 3039 373 3100 ἅνω
382 3045 432 3116 τῆς
444 3039 544 3116 Ἀσίης
555 3037 815 3116 καταστρεψάμενοι
825 3037 963 3112 ἐνέμοντο·

163 3132 219 3187 τῶν
233 3129 333 3188 εἵνεκεν
353 3127 472 3205 ὕστερον
486 3132 604 3204 Δαρεῖος
618 3127 788 3204 ἐτιμωρέετο·
809 3122 880 3200 μήτε
895 3124 964 3183 κατά

163 3215 199 3274 τά
214 3215 355 3296 λεγόμενα
367 3216 417 3276 τῶν
428 3215 589 3293 Ἀτρειδέων
602 3222 629 3278 ἐς
638 3215 736 3282 Ἴλιον,
749 3211 821 3288 μήτε
840 3211 889 3270 τδν
904 3216 964 3269 Μυ-

164 3307 224 3361 σῶν
243 3329 274 3362 τε
295 3304 341 3362 καὶ
354 3307 481 3380 Τευκρῶν
500 3303 549 3364 τᾶν
569 3303 625 3381 πρδ
645 3306 700 3362 τῶν
712 3303 840 3376 Τρωῖκῶν
852 3299 964 3380 γενόμε-
