2278 3538
168 123 276 189 27-32]
507 125 659 174 ουυιυικ.
918 127 965 176 ιιι

168 205 376 282 ἐσβάλλοντας·
397 208 424 265 οἳ
437 204 475 275 δέ,
486 203 522 267 κός
534 202 762 282 ἀναρπασόμενοι
774 204 840 269 τοὺς
849 206 967 276 Φωκέας,

169 293 319 372 φερόμενοι
339 293 477 354 ἐσέπεσον
497 298 525 356 ἐς
543 292 609 355 τοὺς
629 292 783 370 ἀμφορέας·
804 295 921 354 ἐνθαῦτα
942 297 968 353 οἶ

169 383 249 442 ἵπποι
275 382 311 442 ταὶ
338 383 443 442 σκέλεα
473 380 675 458 διεφθάρησαν.
717 380 826 442 Τούτων
852 381 886 458 δή
913 389 969 458 σφι
977 383 1014 440 29

168 469 333 547 ἀμφοτέρων
347 471 483 548 ἐχοντες”
469 494 584 549 εγκοτον
597 495 624 528 οι
615 470 797 538 ’Θεσσαλολ
811 471 969 547 πέμψαντες

169 557 274 635 κήρυκα
290 557 425 638 ἠγόρευον
445 557 519 616 τόδε·
545 566 563 592 “
578 555 592 580 ’
572 558 724 626 ωΦωκέες,
738 555 791 632 ἤδη
809 584 837 617 τι
854 562 969 634 μᾶλλον

167 647 375 726 γνωσιμαχέετε
387 644 469 722 μὴ’
443 670 511 704 ειναι
525 643 619 722 ὑμοῖοι
635 643 713 721 ημῖν·
734 645 858 722 πρόσθεν
870 673 901 706 τε
913 645 969 728 γάρ

169 739 198 792 ἐν
213 738 289 793 τοῖσι
303 733 439 809 Ἕλλησι,
459 731 529 793 ὅσον
547 731 649 812 χρόνον
668 735 758 792 ἐκεῖνα
777 733 845 810 ἡμῖν
862 733 967 810 ἥνδανε,

168 822 256 900 πλέον
274 823 330 882 αἰεί
347 847 410 880 κοτε
426 819 517 897 ὑμέων
536 820 703 898 ἐφερόμεθα·
728 825 776 880 νῦν
793 847 823 880 τε
841 821 918 899 παρά
930 825 969 902 τῷ

168 909 308 1017 βαρβάρῳ
331 913 468 970 τοσοῦτον
492 908 638 985 δυναίμεθα,
661 908 733 968 ὥστε
754 909 796 969 ἐπ’
817 909 885 987 ἡμῖν
906 916 967 971 ἐστι

168 1001 218 1072 τῆς
243 1002 332 1078 γῆς
322 1023 353 1056 τε
380 997 550 1073 ἐστερῆσθαι
581 997 626 1055 καὶ
652 997 721 1073 πρός
748 996 969 1074 ἠνδραποδίσθαι

168 1084 262 1161 ὑμέας·
284 1085 366 1162 ημέες
377 1086 474 1161 μέντοι
486 1085 519 1144 τό
538 1089 595 1144 πᾶν
614 1086 722 1162 ἔχοντες
739 1083 771 1144 οὑ
787 1088 970 1162 μνησικακέο-

168 1199 229 1249 μεν·
262 1173 328 1233 ἀλλ’
355 1173 423 1250 ἡμῖν
449 1172 617 1254 γενέσθω’
599 1171 657 1232 αντ’
684 1171 773 1232 αὑτῶν
799 1174 970 1248 πεντήκοντα

168 1260 324 1322 πόλαντα’
306 1263 446 1344 αργυρίου,
461 1263 506 1320 καὶ
519 1261 584 1338 ὑμῖν
602 1259 843 1337 ὑποδεκόμεθα
809 1287 844 1320 τα
858 1262 969 1322 ἐπιόντα

170 1349 216 1410 ἐπὶ
227 1350 279 1426 την
291 1351 385 1430 χώρην
398 1348 590 1428 ἀποτρέψειν.”

209 1438 304 1498 Ταῦτά
324 1445 380 1515 σφι
401 1439 611 1518 ἐπαγγέλλοντο
632 1440 658 1496 οἱ
679 1439 835 1498 Θεσσαλοί·
857 1440 895 1516 (οἱ
914 1437 969 1520 γάρ
978 1440 1017 1499 30

168 1526 274 1589 Φωκέες
289 1531 388 1603 μοῦνοι
408 1530 463 1585 τῶν
482 1524 569 1604 ταύτῃ
590 1524 741 1602 ἀνθρώπων
762 1524 811 1586 οὑκ
833 1526 969 1603 ἐμήδιζον,

169 1613 227 1674 κατ’
262 1613 337 1674 ἀλλο
369 1617 422 1692 μὲν
456 1613 542 1687 οὐδὲν,
575 1613 610 1676 αἷς
645 1613 699 1694 ἐγιὺ
732 1615 971 1694 συμβαλλόμενος

170 1701 294 1780 εὑρίσκω,
324 1703 393 1762 κατά
420 1704 450 1764 δὲ
473 1702 506 1763 τό
534 1703 615 1782 ἔχθος
635 1702 668 1762 τό
691 1708 857 1764 Θεσσαλῶν·
893 1709 916 1765 εἰ
940 1705 970 1764 δέ

169 1791 316 1850 Θεσσαλοὶ
345 1791 381 1850 τά
406 1791 550 1867 Ἑλλήνων
580 1789 672 1867 ηὖξον,
707 1791 742 1854 ιός
769 1794 830 1868 ἐμοὶ
857 1793 968 1864 δοκέειν,

169 1877 297 1954 ἐμήδιζον
324 1877 357 1938 ἂν
384 1883 411 1938 οἶ
438 1881 564 1959 Φωκέες)
605 1884 691 1938 ταῦτα
721 1883 971 1961 ἐπαγγελλομένων

169 1971 335 2038 Θεσσαλῶν,
355 1967 418 2028 οὔτε
437 1967 536 2026 δώσειν
556 1969 667 2042 ἔφασαν
687 1967 818 2046 χρήματα
839 1970 969 2047 παρέχειν

168 2056 201 2114 τέ
230 2062 286 2131 σφι
321 2059 501 2115 Θεσσαλοῖσι
535 2055 635 2131 ὁμοίως
668 2055 799 2130 μηδίζειν,
828 2060 851 2114 εἰ
877 2055 969 2120 ἄλλως

168 2144 333 2217 βουλοίατο·
354 2141 420 2202 ἀλλ’
434 2143 483 2202 οὑκ
498 2145 614 2202 ἔσεσθαι
630 2142 737 2204 ἑκόντες
755 2143 823 2202 εἶναι
836 2143 969 2219 προδόται

168 2235 218 2306 τῆς
239 2231 387 2295 Ἑλλάδος.
428 2232 541 2308 Ἐπειδὴ
565 2233 594 2290 δέ
616 2231 821 2309 ἀνηνείχθησαν
844 2228 920 2290 οὗτοι
943 2235 1014 2293 οἱ31

168 2317 260 2400 λόγοι,
288 2319 358 2380 οὕτω
385 2318 418 2397 δὴ
447 2324 473 2380 οἱ
501 2321 647 2380 Θεσσαλοὶ
678 2320 864 2398 κεχολωμένοι
893 2325 970 2380 τοῖσι

169 2412 304 2479 Φωκεῦσι,
322 2409 449 2489 ἐγένοντο
465 2409 599 2490 ἡγεμόνες
618 2413 657 2487 τῷ
674 2408 816 2488 βορβόρῳ
831 2413 881 2484 τῆς
894 2408 968 2469 όδοῦ·

170 2500 200 2554 ἐκ
217 2499 268 2573 μὲν
286 2497 319 2571 δή
338 2501 388 2573 τῆς
406 2499 554 2576 Τρηχινίης
576 2503 603 2560 ἐς
619 2497 670 2572 τήν
689 2498 799 2574 Δωρίδα
819 2499 969 2573 ἐσέβαλον·

169 2587 219 2658 τῆς
231 2583 287 2666 γάρ
301 2585 424 2662 Δωρίδος
437 2585 529 2665 χιόρης
542 2585 648 2646 ποδειὺν
662 2586 770 2648 στεινός
787 2586 873 2666 ταύτῃ
888 2613 970 2647 κατα-

168 2672 258 2743 τείνει,
286 2672 321 2736 ιός
347 2674 495 2751 τριήκοντα
521 2675 641 2742 σταδίων
668 2674 795 2751 μάλισπά
823 2702 856 2750 κη
883 2674 969 2752 εὖρος,

170 2760 292 2836 κείμενος
311 2762 415 2838 μεταξὺ
436 2765 486 2838 τῆς
507 2789 538 2823 τε
561 2763 690 2838 Μηλίδος
711 2764 756 2822 καὶ
777 2769 827 2839 τῆς
850 2765 970 2828 Φωκίδος

168 2845 268 2926 χώρης,
280 2848 351 2926 ἥπερ
365 2849 400 2926 ἦν
412 2849 445 2912 τό
455 2851 577 2910 παλαιόν
589 2853 721 2928 Δρυοπίς·
738 2851 756 2927 ἦ
771 2853 800 2911 δὲ
813 2851 890 2930 χώρη
900 2851 970 2927 αὕτη

170 2937 231 2995 ἐστὶ
257 2939 431 3016 μητρόπολις
459 2942 586 3017 Δωριέων
612 2943 666 2999 τῶν
693 2946 721 2999 ἐν
750 2939 968 3018 Πελοποννήσῳ.

169 3024 271 3101 ταύτην
285 3023 322 3086 ὧν
334 3027 385 3102 τὴν
400 3029 511 3105 Δωρίδα
524 3033 577 3107 γῆν
591 3027 640 3086 οὑκ
656 3030 783 3086 ἐσίναντο
797 3025 969 3100 ἐσβαλόντες

171 3115 197 3170 οἱ
212 3114 368 3193 βάρβαροι·
397 3116 524 3191 ἐμήδιζόν
543 3143 573 3176 τε
593 3116 655 3196 γάρ,
671 3117 716 3172 καὶ
730 3115 779 3174 οὑκ
794 3113 884 3172 ἐδόκεε
897 3119 969 3173 Θεσ-

170 3204 298 3261 σαλοῖσι.
338 3201 388 3266 Ὦς
414 3203 443 3262 δὲ
465 3208 494 3262 ἐκ
517 3208 567 3278 τῆς
591 3203 713 3279 Δωρίδος
737 3207 764 3264 ἐς
787 3201 838 3275 τήν
860 3202 969 3260 Φωκίδα
978 3204 1017 3262 32

172 3289 322 3364 ἐσέβαλον,
336 3289 435 3352 αι’κτοὺς
447 3292 499 3366 μέν
512 3290 575 3352 τοὺς
591 3291 701 3354 Φωκέας
718 3287 767 3350 οὐκ
787 3289 921 3365 αἱρέουσι·
944 3293 970 3350 οἱ
