2262 3534
151 163 258 227 79-82]
457 166 646 214 ΚΔΛΛῙΟΠΗ.
902 169 950 218 319

151 243 246 306 κλίνας
261 268 293 303 τε
309 242 477 322 ἐπιχρύσους
499 245 545 303 καὶ
567 244 745 326 ἐπαργύρους,
766 245 904 325 κρητῆράς
920 271 952 310 τε

148 331 294 409 χρυσέους,
308 331 355 389 καὶ
374 331 479 406 φιάλας
495 359 526 392 τε
545 333 593 391 καὶ
611 332 687 392 ἄλλα
704 334 862 410 ἐκπώματα·
882 335 951 396 σάκ-

150 445 214 482 κους
241 444 271 478 τε
300 417 341 477 ἐπ’
365 419 491 494 ἁμαξέων
518 421 654 497 εὕρισκον,
682 427 712 481 ἐν
734 425 811 482 τοῖσι
832 424 952 500 λέβητες

149 508 298 583 ἐφαίνοντο
312 507 432 571 ἐνεόντες
446 509 565 587 χρύσεοί
580 536 610 568 τε
629 511 675 568 καὶ
692 510 832 592 ἀργύρεοι·
852 510 909 572 οἶπό
921 538 952 572 τε

149 599 205 656 τῶν
219 596 347 672 κειμένων
361 599 463 672 νεκρῶν
477 596 628 657 ἐσκύλευον
642 597 729 675 ψέλιά
744 624 775 658 τε
789 599 834 658 καὶ
849 624 951 677 στρεπ-

149 683 220 756 τούς,
250 684 295 742 καὶ
321 683 385 746 τούς
412 682 563 754 α’κινοίκεας,
592 684 687 748 ἐόντας
713 687 858 764 χρυσέους·
893 687 953 754 ἐπεὶ

150 773 269 848 ἐσθῆτός
290 798 323 853 γε
344 773 473 848 ποικίλης
493 773 579 854 λόγος
607 775 711 854 ἐγίνετο
732 774 795 834 οὐδὲ
823 775 869 838 είς.
911 779 952 836 ε’ν-

149 860 239 919 θαῦτα
262 859 359 918 πολλὰ
382 863 434 935 μὲν
457 861 624 924 κλέπτοντες
648 861 770 921 ἐπώλεον
793 862 864 940 πρός
888 862 954 928 τούς

150 947 300 1028 Αἰγινήτας
321 951 347 1006 οἱ
368 949 486 1018 εἵλωτες,
508 949 605 1007 πολλὰ
629 949 658 1007 δὲ
678 950 725 1008 καὶ
745 949 952 1021 ἀπεδείκνυσαν,

149 1033 207 1094 ὅσα
220 1036 322 1095 αὐτέων
336 1034 386 1094 ούκ
403 1035 448 1095 οἶιί
466 1063 497 1095 τε
513 1035 547 1111 ἦν
567 1037 677 1113 κρύψαι·
700 1036 773 1096 ὥστε
786 1038 953 1118 Αἰγινήτῃσι

149 1125 178 1180 οί
190 1123 310 1203 μεγάλοι
326 1127 444 1184 πλοῦτοι
463 1124 554 1202 ἀρχὴν
572 1125 697 1184 ἐνθεῦτεν
716 1126 851 1205 ἐγένοντο,
864 1125 892 1185 οἳ
904 1126 953 1186 τόν

147 1209 266 1288 χρυσόν,
280 1210 330 1270 ἅτε
344 1211 424 1270 ἐόντα
437 1211 547 1290 χαλκόν
560 1212 651 1287 δῆθεν,
664 1213 739 1290 παρὰ
751 1216 807 1272 τῶν
821 1214 954 1273 εἱλωτέων

148 1296 275 1358 ὠνέοντο.
318 1300 558 1377 Συμφορῆσαντες
570 1301 601 1358 δὲ
615 1301 650 1359 τὰ
663 1300 803 1379 χρήματα,
817 1302 863 1359 καὶ
876 1300 953 1360 δεκό-
961 1302 998 1362 81

148 1411 201 1460 την
215 1386 355 1456 ἐξελόντες
371 1392 409 1465 τῷ
428 1393 456 1446 ἐν
471 1392 616 1462 Δελφοῖσι
630 1390 690 1466 θεῷ,
704 1388 752 1447 ἀπ’
765 1386 800 1465 ἧς
813 1388 828 1449 ὂ
841 1390 952 1464 τρίπους

149 1472 167 1532 ὁ
183 1472 303 1552 χρύσεος
318 1473 441 1551 ἀνετέθη,
457 1475 473 1536 ὁ
492 1476 538 1534 ἐπὶ
555 1479 605 1535 τοῦ
625 1475 790 1554 τρικαρήνου
806 1475 888 1554 ὄφιος
900 1481 951 1538 τοῦ
990 1507 999 1561 ¹)

148 1563 273 1640 χαλκέου
294 1562 430 1627 ἐπεστεώς
451 1562 576 1645 ἄγχιστα
596 1568 646 1623 τοῦ
665 1565 775 1642 βωμοῦ·
800 1565 904 1645 καὶτῷ
924 1570 953 1626 ἐν

148 1645 293 1730 Ὀλυμπίῃ
309 1652 363 1731 θεῷ
382 1651 530 1724 ἐξελόντες,
545 1650 593 1710 ἀπ’
606 1650 639 1728 ἦς
657 1653 814 1733 δεκάπηχυν
831 1653 953 1733 χάλκεον

150 1739 207 1797 Δία
225 1738 370 1816 οἷνέθηκαν·
392 1741 438 1799 καὶ
456 1743 495 1819 τῷ
513 1746 541 1800 ἐν
559 1739 665 1820 Ἰσθμῷ
684 1742 743 1822 θεῷ,
759 1740 806 1802 ἀπ’
819 1739 853 1817 ἦς
872 1741 952 1802 ἐπτοί-

149 1851 240 1905 πηχυς
246 1828 367 1905 χάλκεος
375 1829 535 1888 Ποσειδέων
544 1830 691 1911 ἐξεγένετο·
705 1835 793 1890 ταῦτα
804 1830 952 1900 ἐξελόντες,

149 1914 185 1973 τό
203 1915 291 1974 λοιπὰ
312 1916 472 1994 διαιρέοντο,
490 1916 536 1974 καὶ
554 1919 661 1993 ἔλαβον
680 1919 794 1978 ἔκαστοι
807 1923 861 1978 τῶν
879 1917 952 1988 ἄξιοι

148 1999 233 2077 ἦσαν,
257 2004 304 2062 καὶ
329 2004 379 2066 τὰς
405 2003 555 2065 παλλακὰς
581 2009 636 2063 τῶν
662 2009 803 2081 Περσέων,
832 2006 877 2064 καὶ
902 2007 952 2068 τόν

148 2091 265 2169 χρυσόν,
279 2091 388 2150 καὶτὸν
407 2091 535 2171 ἄργυρον,
556 2092 603 2149 καὶ
621 2090 698 2150 ἄλλα
712 2092 843 2170 χρήματά
861 2119 892 2152 τε
906 2095 951 2154 καὶ

149 2177 291 2258 ὑποζύγια.
336 2177 392 2238 ὅσα
405 2181 456 2255 μέν
470 2202 518 2238 νυν
535 2179 660 2256 ἐξαίρετα
675 2182 752 2238 τοῖσι
765 2179 951 2257 ἅριστεύσασι

149 2265 253 2326 αι’ττέων
267 2272 296 2325 ἐν
313 2271 480 2345 Πλαταιῇσι
496 2266 587 2343 ἐδόθη,
602 2266 635 2326 ού
655 2268 768 2348 λέγεται
783 2267 853 2344 πρός
873 2267 951 2328 ούδα-

149 2358 218 2430 μῶν·
234 2353 318 2412 δοκέω
331 2353 354 2412 δ’
366 2357 451 2436 ἔγωγε
464 2355 510 2413 καὶ
523 2355 649 2414 τούτοισι
663 2355 786 2430 δοθῆναι·
802 2358 950 2436 Παυσανίη

150 2440 180 2500 δέ
190 2440 281 2501 πάντα
292 2441 357 2500 δέκα
369 2443 496 2519 ἐξαιρέθη
509 2467 540 2502 τε
553 2443 600 2500 καὶ
613 2441 704 2518 ἐδόθη,
715 2447 849 2524 γυναῖκες,
861 2445 950 2516 ἵπποι,

149 2528 282 2601 τάλαντα,
304 2529 433 2607 κάμηλοι,
455 2530 490 2594 ὣς
509 2531 539 2589 δὲ
560 2530 647 2594 οὕτως
667 2532 713 2590 καὶ
732 2530 768 2591 τό
784 2530 865 2592 ,ἅλλα
884 2531 952 2612 χρή-

149 2643 235 2693 ματα.
276 2619 395 2699 λέγεται
415 2618 445 2678 δέ
472 2619 518 2678 καὶ
537 2618 603 2678 τάδε
623 2619 764 2699 γενέσθαι·
792 2619 827 2684 οἷς
847 2623 951 2698 Ξέρξης
959 2625 996 2683 82

150 2705 261 2787 φεύγων
275 2711 304 2766 ἐκ
322 2710 372 2782 τῆς
386 2706 526 2770 Ἑλλάδος
544 2707 692 2788 Μαρδονίῳ
710 2710 762 2786 τὴν
778 2710 952 2786 κατασκευήν

150 2795 301 2854 καταλίποι
320 2795 372 2880 τήη
393 2799 502 2856 ἑωυτοῦ·
515 2795 690 2872 ΙΠαυσανίην
707 2796 750 2870 ὧν,
766 2797 880 2874 όρέοντα
900 2798 951 2874 τήν

151 2882 312 2959 Μαρδονίου
338 2882 513 2959 κατασκευὴν
535 2889 632 2963 χρυσῷ
658 2910 689 2944 τε
709 2886 755 2944 καὶ
775 2884 884 2966 οἶργύρῳ
905 2887 950 2946 καὶ

152 2970 391 3048 παραπετάσμασι
404 2972 560 3030 ποικίλοισι
574 2974 844 3048 κατασκευασμένην,
859 2975 951 3031 κελεῦ-

151 3084 201 3117 σαι
220 3058 285 3122 τούς
304 3085 334 3119 τε
354 3058 525 3136 ἀρτοκόπους
546 3060 592 3119 καὶ
617 3059 682 3123 τούς
705 3059 856 3138 ὀψοποιούς
880 3059 950 3120 κατὰ

151 3145 238 3207 ταύτὰ
258 3147 348 3210 καθιδς
368 3147 515 3227 Μαρδονίῳ
536 3149 647 3208 δεῖπνον
665 3146 894 3224 παρασκευάζειν·
915 3147 951 3212 ὦς

151 3235 181 3294 δὲ
209 3236 384 3313 κελευόμενοι
410 3233 488 3296 οὗτοι
510 3236 618 3296 ἐποίευν
640 3239 734 3309 ταῦτα,
759 3235 876 3295 ἐνθαῦτα
898 3234 948 3296 τόν

152 3324 326 3400 Παυσανίην,
342 3323 435 3384 ἰδόντα
451 3324 546 3385 κλίνας
560 3349 591 3381 τε
608 3321 733 3400 χρυσέας
751 3322 797 3382 καὶ
816 3321 951 3400 ἀργυρέας
