2262 3534
191 143 240 191 ιιι
496 140 697 192 Ἢνοιουοτ·
927 143 992 206 [IX.

192 219 282 296 φόνου
304 224 355 280 τοῦ
381 219 532 290 Λεωνίδεω,
557 219 628 280 κατὰ
653 218 687 280 τό
713 222 894 298 χρηστήριον,
916 227 995 284 τοῖσι

192 307 389 386 Σπαρτιήτῃσι
408 313 438 366 ἐκ
460 308 621 385 Μαρδονίου
648 309 814 370 ἐπιτελέετο·
846 310 893 368 καὶ
916 311 995 388 νίκην

190 393 344 472 ἀναιρέεται
359 397 516 472 καλλίστην
530 395 661 456 ἁπασέων
673 401 729 456 τῶν
738 396 819 474 ήμεῖς
828 397 906 475 ἴδμεν
916 405 994 458 Παυ-

189 485 289 560 σανίης
309 484 324 544 ὁ
350 483 557 560 Κλεομβρότου
577 489 627 544 τοῦ
647 484 873 561 Ἀναξανδρίδεω·
893 491 948 546 τῶν
963 487 994 546 δὲ

191 572 346 649 κατύπερθέ
362 574 389 631 οἱ
404 571 549 652 προγόνων
561 572 597 632 τά
610 572 750 649 οὐνόματα
761 575 866 651 εἴρηται
880 579 907 638 ἐς
918 581 994 637 Λεω-

190 661 276 736 νιδην·
297 659 380 720 &drot
399 659 454 740 γάρ
476 666 532 736 σφι
551 660 724 740 τυγχάνουσι
738 661 836 724 ἐόντες.
871 660 993 739 ἀποθνή-

189 746 993 830 σκειδέΜαρδόνιοςῦπδἈειμνήστου,ἀνδρδςένΣπάρτη

142 867 144 880 =
191 838 320 916 λογίμου·
348 835 379 897 ἃς
397 835 489 914 χρόνῳ
507 834 625 913 ὕστερον
645 836 716 913 μετά
733 835 769 896 τά
791 837 904 912 Μηδικαὶ
923 840 993 918 ἔχων

148 967 151 980 .
189 924 291 1001 ἄνδρας
302 925 480 1001 τριηκοσίους
500 925 642 1000 συνέβαλε
657 929 686 984 ἐν
703 924 893 1004 Στενυκλήρῳ,
908 929 993 988 πολέ-

190 1039 245 1088 μου
259 1011 359 1085 ἐόντος,
375 1013 569 1088 Μεσσηνίοισι
579 1016 661 1072 πᾶσι·
679 1013 726 1072 καὶ
739 1011 822 1076 αὐτός
831 1039 862 1074 τε
872 1013 993 1082 ἀπέθανε

143 1103 180 1157 65
191 1101 237 1158 καὶ
255 1104 282 1160 οἱ
299 1099 465 1177 τριηκόσιοι.
507 1098 556 1160 Ἐν
569 1100 598 1158 δὲ
612 1105 777 1179 Πλαταιῇσι
791 1103 817 1160 οἱ
832 1101 944 1178 Πέρσαι
958 1102 993 1166 ὦς

189 1189 343 1266 ἐτράποντο
361 1187 416 1248 όπδ
434 1193 488 1248 τῶν
509 1189 741 1264 Λακεδαιμονίων,
760 1189 878 1270 ἔφευγον
895 1189 992 1250 οὐδένα

189 1278 298 1354 κόσμον
322 1283 349 1340 ἐς
369 1277 403 1336 τό
429 1275 618 1352 στρατόπεδον
641 1276 674 1336 τό
700 1280 811 1355 ἐωυτιζιν,
838 1278 884 1336 καὶ
908 1283 934 1342 ἐς
958 1278 991 1338 τά

189 1371 282 1445 τεῖχος
299 1365 331 1425 τά
355 1365 466 1434 ξύλινον
488 1365 521 1424 τό
544 1365 714 1440 ἐποιήσαντο
731 1371 759 1424 ἐν
777 1366 871 1443 μοίρῃΙ
882 1370 918 1444 τῇ
934 1373 989 1442 Θη-

189 1455 278 1530 βαΐδι.
320 1455 400 1530 θῶμα
420 1454 451 1512 δέ
470 1454 613 1529 μοιδκως,
630 1453 706 1528 παρά
722 1457 771 1528 τῆς
793 1452 943 1530 Δήμητρος
957 1453 991 1514 τὸ
1031 1459 1036 1462 ’

189 1541 280 1604 άλσος
292 1542 466 1621 μαχομένων,
482 1541 544 1601 οὐδὲ
559 1542 596 1604 εἷς
611 1541 700 1616 ἐφάνη
713 1545 767 1602 τῶν
781 1543 914 1617 Περσέων
927 1541 992 1602 οὔτε

189 1629 314 1691 ἐσελθιδν
331 1635 360 1692 ἐς
377 1629 410 1688 τό
428 1631 540 1704 τέμενος
555 1628 618 1689 οὔτε
632 1629 817 1690 ἐναποθανών·
838 1629 904 1707 περί
915 1657 946 1690 τε
958 1630 991 1690 τό

190 1717 250 1792 ἱρόν
266 1720 293 1776 οἱ
309 1721 441 1776 πλεῖστοι
455 1723 484 1775 ἐν
497 1721 535 1796 τῷ
548 1717 669 1796 βεβήλῳ
684 1719 795 1778 ἔπεσον·
817 1717 902 1778 δοκέω
916 1719 953 1788 δὲ,
967 1718 993 1778 εἴ

188 1831 216 1865 τι
237 1806 301 1882 περὶ
320 1809 376 1866 τῶν
398 1806 477 1865 θείων
499 1806 670 1886 πρηγμάτων
689 1807 792 1866 δοκέειν
816 1805 865 1878 δεῖ,
890 1807 909 1881 ή
930 1805 992 1870 θεὸς

188 1893 259 1970 αὐτή
277 1901 369 1970 σφεας
388 1893 437 1954 οὐκ
455 1895 574 1964 ἐδέξατο,
594 1895 793 1971 ἐμπρήσαντας
806 1893 840 1954 τό
855 1900 883 1954 ἐν
896 1889 1005 1954 Ἐλεω·

189 1987 247 2042 σῖνι
261 1982 434 2060 ἀνακτάριον.
477 1982 547 2058 αὕτη
560 1984 611 2059 μέν
625 2009 673 2044 νυν
686 1983 704 2060 ἦ
718 1983 797 2062 μάχη
812 1981 857 2042 ἐπὶ
869 1987 992 2042 τοσοῦτο
1047 1999 1050 2006 “

190 2073 308 2152 ἐγένετο.
970 2088 972 2091 ”

141 2161 178 2218 66
228 2159 405 2236 Ἀρτάβαζος
415 2161 444 2218 δέ
455 2160 470 2220 ὁ
480 2158 638 2237 Φαρνάκεος
647 2159 745 2218 αὐτίκα
755 2186 785 2219 τε
798 2160 846 2218 οὐκ
857 2158 991 2236 ἀρέσκετο

188 2248 248 2307 κατ’
260 2247 347 2326 ἀρχάς
357 2249 524 2324 λειπομένου
538 2247 699 2322 Μαρδονίου
713 2244 769 2306 ἀπό
783 2247 931 2323 βασιλέος,
946 2248 992 2306 καὶ

188 2335 252 2396 τότε
265 2335 362 2394 πολλοὶ
376 2334 555 2416 ἀπαγορεύων
569 2333 646 2394 οὐδὲν
659 2333 733 2410 ἤνυε,
744 2335 927 2412 συμβάλλειν
941 2335 991 2396 οὐκ

189 2427 249 2482 ἐῶν·
277 2425 394 2498 ἐποίησέ
411 2449 441 2482 τε
458 2422 540 2484 αὐτός
557 2422 658 2492 τοιάδε,
679 2421 713 2486 οἷς
734 2422 783 2482 οὐκ
805 2423 992 2500 ἀρεσκόμενος

187 2515 263 2570 τοῖσι
284 2511 433 2592 πρήγμασι
452 2515 528 2570 τοῖσι
552 2515 582 2568 ἐκ
606 2511 766 2586 Μαρδονίου
790 2513 990 2588 ποιευμένοισι·

187 2603 243 2657 τῶν
262 2597 429 2678 ἐστρατήγεε
448 2597 463 2658 ό
480 2597 664 2676 Ἀρτάβαζος·
687 2599 744 2678 εἶχε
763 2600 792 2658 δὲ
811 2598 927 2675 δύναμιν
941 2598 991 2658 οὐκ

187 2685 295 2766 ὀλίγην,
317 2685 394 2744 ἀλλὰ
415 2687 461 2746 καὶ
482 2692 509 2750 ἐς
526 2688 663 2764 τέσσερας
683 2687 818 2764 μυριάδας
838 2687 990 2764 ἀνθρώπων

186 2774 252 2850 περὶ
273 2773 381 2834 ἑωυτόν·
402 2774 523 2850 τούτους,
545 2774 613 2838 ὅκως
632 2774 651 2850 ή
670 2774 807 2851 συμβολή
827 2776 940 2855 ἐγίνετο,
961 2771 990 2837 εὖ

187 2862 404 2940 ἐξεπιστάμενος
435 2863 470 2924 τά
498 2865 600 2939 ἔμελλε
626 2861 828 2939 ἀποβήσεσθαι
857 2861 913 2923 ἀπό
941 2865 991 2939 τῆς

188 2950 288 3030 μάχης,
302 2950 354 3032 ἦγε
368 2953 596 3028 κατηρτημένους,
611 2953 803 3032 παραγγείλας
817 2951 888 3010 κατά
901 2951 989 3012 τοίυτδ

186 3040 258 3098 ίέναι
277 3038 383 3102 πάντας
400 3043 436 3118 τῇ
455 3039 489 3099 ἂν
508 3037 590 3102 αότδς
609 3039 761 3118 ἐξηγέηται,
777 3037 846 3104 ὅκως
858 3036 895 3098 ἀν’
907 3038 991 3102 αὗτδν

187 3126 289 3202 ὁρέωσι
305 3127 430 3201 σπουδῆς
448 3128 556 3204 ἔχοντα·
584 3131 671 3184 ταῦτα
689 3127 888 3207 παραγγείλας,
908 3127 943 3190 οἷς
963 3131 991 3196 ἐς

189 3213 284 3290 μάχην
306 3213 358 3292 ἦγε
380 3213 463 3287 δῆθεν
485 3212 534 3272 τόν
558 3212 689 3289 στρατόν·
712 3214 866 3290 προτερέων
890 3215 919 3274 δὲ
939 3218 990 3290 τῆς

137 3347 141 3352 .
188 3299 264 3367 ὁδοῦ,
283 3299 340 3375 ὥρα
357 3300 402 3358 καὶ
420 3299 454 3374 δή
471 3298 627 3379 φεύγοντας
642 3299 707 3362 τούς
725 3299 850 3376 Πέρσας·
872 3299 943 3361 οὕτω
960 3301 991 3373 δὲ
