2276 3538
198 151 245 199 138
480 147 664 196 ἀνοαουοτ
922 145 999 210 [vu.

202 227 354 305 κατύπερθε
367 231 422 288 τῶν
435 227 530 288 ὅπλων
550 231 600 287 τοῦ
618 217 710 288 τόνου·
731 228 823 290 θέντες
842 230 872 286 δέ
892 228 999 304 ἐπεξῆς,

202 317 320 375 ἐνθαῦτα
343 315 419 379 αὖτις
443 316 632 397 ἐπεζεύγνυον·
661 315 830 391 ποιήσαντες
852 317 881 374 δέ
904 320 1000 388 ταῦτα,

200 403 272 480 ύλην
294 404 484 482 ἐπεφόρησαν·
507 407 603 483 κόσμῳ
624 406 653 463 δὲ
673 406 764 466 θέντες
784 405 829 461 καὶ
848 404 900 480 τήν
919 402 999 480 ὕλην,

200 497 254 573 γῆν
281 493 473 569 ἐπεφόρησαν·
504 493 703 561 κατανάξαντες
729 493 759 550 δὲ
787 493 832 549 καί
858 491 919 566 τήν,
936 497 999 572 γῆν,

201 581 333 662 φραγμόν
349 581 519 657 παρείρυσαν
532 581 607 638 ἔνθεν
621 580 667 638 καὶ
681 580 764 647 ἔνθεν,
780 579 823 637 ἵνα
836 578 875 653 μή
891 579 999 655 φοβέη-

200 695 246 728 ται
265 668 300 728 τιί
320 668 456 747 ὑποζύγια
470 668 522 743 τήν
541 666 693 726 θάλασσαν
710 666 888 743 ὑπερορῶντα
906 667 952 726 καὶ
972 670 1000 727 οἰ

202 757 290 816 ἵπποι.

153 846 190 903 37
240 844 288 906 Ὡς
308 845 338 902 δὲ
357 843 393 902 τό
412 867 443 902 τε
460 848 515 903 τῶν
526 844 669 923 γεφυρέων
683 842 891 902 κατεσκεύαστο
905 843 951 902 καί
963 843 1000 904 τά

200 933 263 1008 περὶ
279 931 328 991 τόν
341 931 443 1000 Ἀθων,
462 933 491 990 οἰ
505 957 536 992 τε
557 933 639 1010 χυτοὶ
660 932 724 1008 περὶ
743 930 779 990 τά
799 930 928 1007 στόματα
947 936 1000 1007 τῆς

201 1019 340 1098 διώρυχος,
356 1019 396 1099 (οἰ
408 1023 458 1096 τῆς
470 1021 568 1098 ῥηχίης
582 1020 682 1080 εἵνεκεν
701 1019 874 1096 ἐποιήθησαν
897 1021 940 1078 ἵνα
957 1019 999 1098 μή

199 1109 359 1183 πίμπληται
371 1107 407 1166 τό
421 1108 550 1184 στόματα
561 1112 611 1167 τοῦ
632 1107 809 1188 όρύγματος,)
825 1109 870 1166 καὶ
886 1107 957 1184 αύτή
978 1109 998 1186 ή

200 1195 299 1273 διώρυξ
310 1197 465 1259 παντελέως
478 1198 650 1272 πεποιημένη
664 1195 796 1276 ἅγγελτο·
811 1196 928 1255 ἐνθαῦτα
941 1223 997 1276 χει-

198 1286 325 1362 μερίσας,
344 1284 403 1361 ἅμα
422 1289 460 1364 τῷ
480 1286 539 1361 ἔαρι
558 1283 821 1361 παρεσκευασμένος
843 1282 858 1342 ό
878 1286 1000 1360 στρατός

200 1377 230 1430 ἐκ
247 1377 302 1432 τῶν
324 1373 447 1448 Σαρδίων
465 1373 578 1450 οἰρμᾶτο
598 1377 668 1430 ἐλῶν
688 1378 715 1433 ἐς
730 1370 865 1446 Ἄβυδον.
908 1371 999 1448 ὦρμη·

200 1461 272 1539 μένῳ
294 1461 325 1518 δέ
346 1464 372 1518 οἰ
393 1460 409 1519 ό
431 1460 511 1535 ἥλιος
536 1460 655 1519 ἐκλιπιίν
679 1460 730 1534 τήν
755 1465 784 1517 ἐκ
806 1463 857 1519 τοῦ
881 1459 998 1537 ούρανοῦ

199 1548 280 1623 ἕδρην
301 1547 410 1622 α’φανής
431 1547 473 1622 ἦν,
493 1547 548 1606 οὔτ’
571 1549 741 1622 ἐπινεφέλων
764 1548 870 1617 ἐόντων,
892 1547 1000 1623 αἰθρίης

199 1659 230 1692 τε
247 1635 282 1692 τό
301 1635 436 1710 μάλιστα·
458 1634 519 1694 άντί
539 1634 644 1711 ἡμέρης
657 1661 687 1693 τε
704 1634 754 1703 νύξ
774 1635 891 1714 ἐγένετο·
913 1634 999 1694 ἰδόντι

199 1721 228 1779 δὲ
250 1723 295 1779 καὶ
316 1721 434 1797 μαθόντι
454 1726 538 1782 τοῦτο
559 1727 597 1800 τῷ
617 1723 706 1801 Ξέρξη
729 1725 857 1798 ἐπιμελὲς
880 1723 998 1802 ἐγένετο·

200 1810 245 1866 καί
273 1811 359 1886 εἴρετο
386 1810 449 1873 τούς
475 1811 581 1891 μάγους
607 1811 639 1870 τό
669 1812 747 1870 θέλοι
773 1812 938 1886 προφαίνειν
964 1806 998 1873 τό

200 1897 321 1974 φάσμα;
343 1901 369 1956 οἰ
391 1897 420 1956 δὲ
441 1900 561 1976 ἔφραζον
583 1899 618 1961 ὦς
636 1899 764 1974 Ἕλλησι
788 1897 958 1974 προδεικνύει
982 1901 998 1960 ό

200 1985 262 2050 θεός
289 1987 411 2064 ἔκλειψιν
438 1992 492 2046 τῶν
515 1977 637 2046 πολίων·
665 1988 795 2067 λέγοντες
820 1985 901 2062 ἥλιον
928 1987 998 2048 εἰναι

199 2071 343 2150 Ἑλλήνων
363 2074 543 2152 προδέκτορα,
557 2074 680 2150 σελήνην
701 2075 730 2133 δὲ
751 2076 856 2150 σφέων·
877 2074 998 2152 πυθόμε-

199 2188 245 2225 νος
265 2163 295 2222 δέ
314 2167 401 2223 ταῦτα
422 2162 557 2240 ὁΞέρξης
569 2162 721 2241 περιχαρής
736 2162 786 2222 ἐιύν
803 2163 925 2221 ἐποιέετο
946 2164 999 2238 τήν

153 2251 190 2309 38
202 2252 309 2311 ἔλασιν.
350 2251 399 2313 Ὡς
420 2249 443 2308 δ’
462 2251 594 2325 ἐξήλαυνε
615 2249 667 2326 τήν
688 2251 830 2326 στρατιήν,
854 2249 960 2313 Πύθιος
982 2257 998 2311 ὁ

199 2339 288 2401 Λυδός
316 2338 529 2414 καταρρωδήσας
554 2338 587 2397 τό
616 2343 645 2397 ἐκ
672 2341 722 2398 τοῦ
749 2337 865 2415 ούρανοῦ
894 2338 998 2415 φάσμα

200 2427 327 2502 ἐπαρθείς
349 2452 379 2484 τε
402 2430 478 2484 τοῖσι
502 2425 655 2503 δωρήμασι,
680 2426 769 2486 ἐλθαίν
792 2427 866 2502 παρά
892 2428 999 2504 Ξέρξεα

199 2515 277 2593 ἔλεγε
290 2513 364 2572 τάδε·
387 2512 434 2570 “ὦ
447 2513 579 2583 δέσποτα,
593 2514 704 2593 χρήσας
723 2513 757 2574 ἅν
776 2540 804 2573 τι
818 2519 866 2574 τεῦ
881 2517 998 2589 βουλοί-

199 2627 255 2676 μην
268 2605 368 2679 τυχεῖν,
382 2599 414 2659 τό
429 2602 478 2659 σοὶ
490 2604 542 2679 μὲν
556 2602 683 2679 ἐλαφρόν
695 2603 826 2683 τυγχάνει
839 2601 885 2662 ἐόν
897 2603 998 2681 ύπουρ-

198 2692 294 2769 γῆσαι,
322 2689 384 2765 ἐμοὶ
411 2689 441 2748 δέ
465 2691 539 2770 μέγα
561 2689 735 2770 γενόμενον·”
762 2692 867 2767 Ξέρξης
891 2691 921 2748 δέ
942 2696 999 2752 πᾶν

199 2781 311 2852 μᾶλλον
332 2777 433 2837 δοκέων
453 2804 501 2854 μιν
523 2779 651 2856 χρηίσειν
671 2777 689 2854 ἢ
710 2778 743 2838 τό
767 2779 872 2854 ἐδεήθη,
892 2780 946 2854 ἔφη
967 2805 999 2838 τε

198 2863 385 2945 ὑπουργήσειν
407 2867 452 2924 καὶ
470 2865 638 2946 διαγορεύειν
656 2867 765 2925 ἐκέλευε
785 2866 848 2925 ότευ
862 2868 960 2926 δέοιτω
982 2867 998 2926 ό

199 2953 229 3010 δὲ
243 2954 304 3011 ἐπεί
314 2979 345 3012 τε
358 2957 446 3012 ταῦτα
462 2952 573 3028 ἤκουσε,
589 2955 668 3033 ἔλεγε
687 2955 835 3030 θαρσήσας
854 2955 929 3013 τάδε·
951 2955 999 3013 “ὧ

199 3040 330 3111 δέσποτα,
352 3041 526 3122 τυγχάνουσί
544 3067 593 3116 μοι
614 3041 710 3104 παῖδες
731 3042 820 3104 ἐόντες
840 3044 931 3110 πέντε,
953 3044 1001 3100 καί

199 3136 291 3203 σφεας
305 3128 517 3204 καταλαμβάνει
537 3128 642 3190 πάντας
655 3128 713 3204 ἅμα
727 3131 775 3188 σοὶ
796 3130 999 3205 στρατεύεσθαι

200 3217 245 3275 ἐπί
266 3218 318 3292 τήν
334 3215 470 3274 Ἑλλάδα·
496 3214 534 3274 σύ
556 3215 593 3284 δέ,
616 3214 637 3273 ὦ
658 3217 793 3292 βασιλεύ,
816 3220 864 3292 ἐμὲ
886 3223 914 3280 ές
934 3218 999 3279 τόδε

194 3302 308 3378 ’ἡλικίης
320 3302 423 3377 ἥκοντα
444 3303 585 3378 οἰκτείρας,
600 3306 655 3362 τῶν
667 3329 717 3379 μοι
730 3304 834 3366 παίδων
848 3304 895 3364 ἕνα
910 3305 1000 3382 παρά-
