2276 3538
170 171 312 234 110—113]
511 167 623 226 EPATss.
918 165 969 212 ’105

170 250 252 309 λέων·
272 250 427 308 τελευταῖοι
441 246 470 306 δέ
484 247 649 317 ἐτάσσοντο,
664 246 772 324 ἔχοντες
785 242 818 304 τό
833 242 971 319 εύιύνυμον

171 339 261 414 κέρας,
276 337 442 397 Πλαταιέες.
484 334 540 394 οἷπδ
554 334 656 410 ταύτης
668 331 723 413 γάρ
736 325 794 407 σφι
807 337 857 407 τῆς
870 330 970 410 μάχης,

171 425 271 487 θυσίας
283 424 438 497 Ἀθηναίων
454 421 611 503 ἀναγόντων
630 421 675 479 καὶ
692 419 862 500 πανηγύριας
879 419 929 481 τὰς
942 423 972 478 ἐν

171 516 239 590 τῇσι
258 511 436 587 πεντετηρίσι
459 511 613 591 γινομένας,
634 508 795 586 κατεύχεται
815 507 831 566 ὁ
853 505 972 583 κήρυξὸ

170 597 319 675 Ἀθηναῖος
339 598 398 675 ἅμα
417 625 448 658 τε
469 597 645 674 Ἀθηναίοισι
660 597 773 677 (λέγων)
788 595 918 676 γίνεσθαι
937 592 973 653 τά

170 686 266 766 άγαθά
288 685 334 744 καὶ
354 690 542 746 Πλαταιεῦσι.
584 684 648 744 τότε
668 684 698 742 δὲ
718 684 901 758 τασσομένων
918 685 973 742 τῶν

171 772 326 849 Ἀθηναίων
346 779 375 833 ἐν
395 778 433 852 τῷ
453 775 615 850 Μαραθῶνι,
634 773 738 852 ἐγίνετο
756 769 862 830 τοιόνδε
879 795 915 829 τι·
939 768 973 829 τό

171 862 365 940 στρατόπεδον
389 862 568 938 ἐξισούμενον
591 865 629 940 τῷ
650 861 766 938 Μηδικῷ
785 859 972 937 στρατοπέδῳ,

170 950 206 1010 τό
223 953 275 1027 μὲν
289 949 376 1009 αύτοΰ
393 950 484 1026 μέσον
505 950 610 1030 ἐγίνετο
627 950 672 1008 ἐπὶ
693 947 788 1018 τάξιας
806 947 913 1027 ὀλίγας,
928 947 973 1006 καὶ

169 1037 260 1115 λταύτῃ
273 1036 307 1112 ἧν
321 1037 530 1098 ἀσθενέστατον
543 1036 576 1096 τά
591 1035 790 1112 στρατόπεδον·
806 1035 840 1094 τά
854 1035 883 1094 δὲ
894 1035 974 1111 κέρας

174 1125 303 1201 ἑκάτερον
313 1127 415 1202 ἔρρωτο
428 1125 542 1200 πλήθεΐ.
568 1124 617 1187 Ὡς
626 1125 658 1183 δέ
670 1129 727 1198 σφι
740 1123 895 1182 διετέτακτο
909 1122 955 1180 καὶ
965 1122 1021 1181 112

173 1212 211 1270 τά
230 1211 342 1291 σφάγια
358 1214 463 1292 ἐγίνετο
482 1211 565 1282 καλά,
581 1213 698 1272 ἐνθαῦτα
717 1211 753 1273 ὦς
769 1210 927 1285 ἀπείθησαν
947 1213 974 1268 οἱ

173 1296 326 1374 Ἀθηναῖοι,
341 1299 432 1378 δρόμῳ
450 1301 522 1362 ἵεντο
537 1306 564 1363 ἔς
577 1299 641 1362 τούς
659 1299 832 1375 βαρβάρους·
853 1297 928 1372 ἦσαν
946 1297 975 1356 δέ

174 1385 285 1445 στάδιοι
299 1385 348 1446 ούκ
367 1388 523 1451 ἐλάσσονες
535 1387 568 1447 τό
581 1387 746 1466 μεταίχμιον
759 1385 848 1444 αὐτῶν
861 1383 879 1460 ἢ
893 1383 974 1444 όκτιύ·

176 1477 203 1534 οἱ
221 1475 379 1558 δέγΠέρσαι
397 1475 527 1551 ὁρέωντες
545 1475 638 1554 δρόμῳ
659 1474 786 1536 ἐπιόντας
805 1471 974 1550 παρεσκευά-

174 1563 256 1633 ζοντο
277 1562 314 1626 ὥς
334 1563 493 1640 δεξόμενον,
513 1566 615 1641 μανίην
641 1589 671 1622 τε
698 1566 774 1622 τοῖσι
800 1561 975 1637 Ἀθηναίοισι

175 1650 312 1727 ἐπέφερον
325 1652 372 1708 καὶ
390 1651 485 1732 πάγχυ
503 1652 642 1729 ὀλεθρίην,
656 1645 786 1728 ύρέωντες
803 1648 902 1712 αύτούς
915 1647 972 1708 ὀλί-

174 1763 248 1817 γους,
271 1739 316 1796 καὶ
336 1737 450 1802 τούτους
470 1739 562 1818 δρόμῳ
583 1739 784 1820 ἐπειγομένους,
805 1737 868 1798 οὔτε
889 1737 975 1796 ἵππου

174 1823 356 1904 ὑπαρχούσης
374 1832 432 1900 σφι
449 1826 511 1885 οὔτε
527 1827 711 1904 τοξευμάτων.
752 1829 840 1885 ταῦτα
857 1826 909 1902 μέν
925 1851 973 1884 νυν

176 1915 204 1972 οἶ
216 1913 361 1989 βάρβαροι
379 1914 549 1985 κατείκαζον·
562 1915 706 1990 Ἀθηναῖοι
719 1915 748 1972 δέ
762 1915 824 1973 ἐπεί
834 1939 865 1972 τε
878 1911 975 1990 άθρόοι

175 2000 349 2076 προσέμιξαν
358 2001 628 2079 τοῖσιβαρβόροισι,
640 2001 777 2080 ἐμάχοντο
787 2000 868 2070 α’ξίως
877 2001 974 2081 λόγου·

177 2091 282 2164 πρῶτοι
297 2091 350 2163 μέν
365 2088 420 2169 γάρ
433 2088 579 2165 Ἑλλήνων
595 2089 713 2158 πάντων,
726 2093 781 2148 τῶν
796 2089 876 2164 ἡμεῖς
890 2088 974 2163 ἴδμεν,

176 2174 269 2254 δρόμῳ
282 2180 309 2238 ἐς
322 2176 473 2252 πολεμίους
483 2176 648 2254 ἐχρήσαντο,
662 2180 767 2253 πρῶτοι
780 2176 809 2234 δὲ
823 2175 976 2253 ἀνέσχοντο

176 2263 284 2338 ἐσθῆτά
297 2289 328 2322 τε
342 2263 473 2338 Μηδικήν
487 2263 615 2340 ὁρέωντες
628 2265 674 2322 καὶ
687 2264 752 2326 τούς
765 2263 864 2340 ἄνδρας
874 2261 976 2339 ταύτην

175 2351 355 2427 ἐσθημένους·
371 2352 438 2414 τέως
452 2351 481 2410 δέ
494 2350 530 2427 ἧν
542 2355 619 2412 τοῖσι
627 2351 756 2427 Ἕλλησι
766 2351 812 2410 καὶ
824 2349 857 2410 τό
871 2349 976 2426 οὔνομα

175 2439 209 2497 τὰ
228 2437 332 2514 Μήδων
350 2438 444 2514 φόβος
461 2438 590 2499 α’κοῦσαι.
632 2441 807 2519 Μαχομένων
824 2440 853 2498 δέ
872 2445 900 2500 ἐν
918 2442 1022 2518 τῷ113

176 2528 330 2603 Μαραθῶνι
343 2525 443 2605 χρόνος
461 2528 565 2610 ἐγίνετο
577 2527 695 2592 πολλός·
717 2529 763 2586 καὶ
775 2527 809 2588 τά
822 2531 874 2604 μέν
886 2529 976 2604 μέσον

175 2618 226 2673 τοῦ
245 2614 436 2691 στρατοπέδου
456 2615 549 2675 ἐνίκων
577 2619 603 2676 οἱ
629 2615 782 2692 βάρβαροι,
804 2620 841 2695 τῇ
865 2617 976 2692 Πέρσαι

174 2725 207 2760 τε
229 2700 308 2762 αύτοὶ
329 2703 375 2760 καὶ
396 2702 486 2766 Σάκαι
510 2702 670 2782 ἐτετάχατο·
691 2703 762 2764 κατά
774 2709 857 2765 τοῦτο
871 2707 923 2781 μὲν
941 2703 975 2778 δή

175 2790 270 2849 ἐνίκων
286 2792 321 2858 Ιοἱ
340 2790 495 2868 βάρβαροι,
521 2793 567 2850 καὶ
586 2793 717 2868 ῥήξαντες
740 2793 851 2853 ἐδίωκον
874 2797 902 2856 ἐς
924 2791 976 2866 τήν

174 2876 342 2957 μεσόγαιαν·
363 2877 395 2937 τό
417 2878 447 2937 δέ
467 2879 548 2956 κέρας
568 2880 696 2956 ἑκάτερον
718 2880 811 2940 ἐνίκων
831 2879 978 2956 Ἀθηναῖοί

175 2989 208 3026 τε
235 2966 281 3023 καὶ
307 2967 471 3040 Πλαταιέες,
497 2972 623 3030 νικῶντες
640 2968 677 3038 δὲ,
698 2967 732 3028 τό
755 2970 807 3043 μέν
824 2966 975 3043 τετραμμέ-

176 3077 225 3112 νον
239 3057 294 3112 τῶν
306 3053 464 3130 βαρβάρων
476 3053 591 3135 φεύγειν
611 3057 669 3125 ἔων,
689 3059 765 3114 τοῖσι
786 3054 815 3113 δέ
834 3053 867 3112 τό
886 3053 976 3128 μέσον

176 3139 281 3216 ῥήξασι
309 3141 398 3200 αὐτῶν
427 3142 632 3224 συναγαγόντες
657 3144 693 3203 τά
722 3144 802 3219 κε’ρεα
828 3138 975 3215 α’μφότερα

177 3227 326 3305 ἐμάχοντο·
347 3229 393 3288 καὶ
414 3231 506 3290 ἐνίκων
525 3229 677 3307 Ἀθηναῖοι·
697 3229 835 3309 φεύγουσι
852 3227 882 3285 δέ
894 3229 976 3286 τοῖσι

178 3309 312 3384 Πέρσῃσι
330 3309 441 3368 εἵποντο
455 3310 610 3380 κόπτοντες,
630 3317 657 3374 ἐς
671 3311 687 3371 δ
701 3310 746 3368 ἐπὶ
759 3308 811 3384 τήν
824 3307 976 3368 θόλασσαυ
