2278 3538
160 157 269 223 51-56]
497 159 650 208 ΟΤΡΑΝῙΔ,
912 161 959 208 ’239

159 237 211 313 τήν
225 242 254 297 ἐν
266 241 302 317 τῇ
314 237 418 318 ήτείρῳ
434 239 567 320 γενέσθαι
584 237 639 298 ύπὸ
657 239 799 318 Πέρσησι·
819 239 961 317 ἔμπροσθε

160 324 198 385 ὦν
213 325 268 404 πρό
285 331 336 402 τῆς
352 324 528 404 ἀκροπόλιος,
545 325 647 386 ὄπισθε
664 326 693 385 δὲ
713 331 768 386 τῶν
788 328 897 387 πυλέων
916 327 962 386 καὶ

158 418 210 490 τῆς
222 413 330 488 ἀνόδου,
344 418 379 494 τῇ
394 415 427 490 δή
442 413 504 474 οὔτε
517 441 559 478 τις
572 414 721 490 ἐφύλασσε
734 413 790 474 οὔτ’
804 413 838 475 ἂν
853 414 961 491 ἤλπισε

159 502 201 580 μή
221 503 287 562 κοτέ
305 529 347 566 τις
363 504 434 562 κατά
449 507 538 562 ταῦτα
554 502 679 578 ἀναβαίη
696 501 855 580 ἀνθρώπων,
874 502 962 582 ταύτῃ

161 588 307 666 ἀνέβησάν
316 616 388 653 τινες
401 589 471 650 κατά
483 590 516 650 τό
531 589 591 668 ἱρόν
603 595 654 666 τῆς
667 591 813 668 Κέκροπος
827 590 963 671 θυγατρός

159 676 328 758 Ἀγλαύρου,
340 678 483 755 καίτοιπερ
498 677 679 755 ἀποκρήμνου
693 677 786 741 ἐόντος
798 682 848 738 τοῦ
862 678 962 758 χώρου·

161 764 197 828 οἷς
217 765 246 824 δέ
268 765 340 825 εἶδον
358 764 457 829 αὐτούς
477 765 693 842 ἀναβεβηκότας
711 768 738 824 οἱ
756 765 900 842 Ἀθηναῖοι
918 766 962 826 ἐπὶ

161 854 212 929 τήν
232 853 394 929 ἀκρόπολιν,
416 857 443 913 οἱ
462 856 514 930 μέν
535 855 678 931 ἐρρίπτεον
699 853 814 918 ἑωυτούς
828 854 898 914 κατά
911 858 962 915 τοῦ

160 942 268 1020 τείχεος
288 941 370 1012 κάτω,
384 943 431 1001 καὶ
451 942 650 1019 διεφθείροντο,
666 945 693 1002 οἱ
711 942 740 1001 δὲ
754 947 782 1006 ἐς
794 943 827 1002 τό
840 943 964 1024 μέγαρον

162 1030 344 1110 κατέφευγον·
365 1034 420 1090 τῶν
434 1029 464 1089 δέ
478 1031 612 1107 Περσέων
626 1034 652 1090 οἶ
668 1029 879 1106 ἀναβεβηκότες
891 1035 964 1109 πρῶ·

161 1143 212 1177 τον
223 1119 275 1194 μὲν
289 1117 442 1195 ἐτράποντο
461 1119 531 1195 πρός
548 1117 599 1181 τάς
612 1117 711 1191 πύλας,
734 1119 836 1181 ταύτας
849 1119 878 1178 δὲ
891 1118 965 1180 α’νοί·

162 1206 258 1276 ξαντες
277 1205 342 1269 τούς
364 1207 454 1271 ἱκέτας
476 1205 617 1283 ἐφόνευον·
647 1206 706 1265 ἐπεὶ
727 1206 758 1266 δέ
786 1213 842 1282 σφι
863 1206 965 1280 πάντες

155 1295 362 1374 κατέστρωντο,
377 1294 410 1355 τό
427 1294 487 1373 ἱρόν
501 1294 678 1370 συλήσαντες
697 1295 854 1370 ἐνέπρησαν
867 1299 965 1356 πᾶσαν

163 1379 216 1458 τήν
229 1381 390 1460 ἀκρόπολιν.

205 1471 286 1549 Σχών
300 1471 329 1530 δὲ
342 1471 499 1534 παντελέως
511 1469 562 1533 τοὶς
573 1469 694 1546 Ἀθήνας
711 1470 824 1547 Ξέρξης,
839 1471 963 1548 ἀπέπεμ-
973 1475 1013 1531 54

164 1566 200 1636 ψε
214 1563 240 1621 ἐς
255 1561 352 1621 Σοῦσα
367 1557 490 1640 ἀγγελον
504 1559 591 1618 ἱππέα
608 1556 775 1637 Ἀρταβάνῳ
793 1558 966 1640 ἀγγελέοντα

163 1645 215 1722 τήν
227 1646 388 1723 παρεοῦσάν
400 1652 457 1722 σφι
471 1646 630 1724 εὐπρηξίην.
671 1646 727 1706 α’πό
742 1647 771 1706 δὲ
783 1651 833 1724 τῆς
846 1649 967 1726 πέμψιος

164 1739 213 1794 τοῦ
235 1735 350 1812 κήρυκος
371 1735 483 1815 δευτέρη
503 1735 593 1814 ήμέρῃ
614 1738 794 1817 συγκαλέσας
814 1736 972 1813 Ἀθηναίων

164 1823 229 1886 τούς
248 1823 383 1904 φυγάδας,
403 1826 492 1902 ἑωυτῷ
512 1823 541 1882 δὲ
566 1825 723 1899 ἑπομένους,
745 1825 854 1884 ἐκέλευε
872 1824 966 1904 τρόπῳ

164 1914 203 1990 τῷ
222 1912 350 1991 σφετέρῳ
371 1913 456 1972 θῦσαι
475 1911 511 1971 τά
531 1912 578 1989 ἷρά
596 1912 755 1989 ἀναβάντας
774 1917 801 1975 ἐς
816 1912 868 1987 τήν
886 1911 967 1991 ἀκρό·

165 2003 259 2060 πολιν·
281 1999 335 2059 εἴτε
348 1999 381 2075 δή
393 1997 430 2058 ὦν
443 1997 508 2076 ὄψιν
520 2000 583 2059 τινὰ
596 1999 658 2059 ίδών
669 2000 796 2059 ἐνυπνίου
807 2001 966 2060 ἐνετέλλετο

164 2092 260 2158 ταῦτα,
279 2088 332 2147 εἴτε
351 2087 397 2146 καὶ
416 2086 544 2164 ἐνθύμιόν
561 2091 587 2147 οἱ
606 2089 714 2168 ἐγένετο
733 2087 919 2163 ἐμπρήσαντα
931 2088 965 2148 τό

166 2176 234 2253 ἱρόν·
257 2179 283 2236 οἶ
299 2177 329 2235 δὲ
345 2175 467 2256 φυγάδες
484 2179 539 2235 τῶν
552 2175 706 2251 Ἀθηναίων
724 2175 862 2249 ἐποίησαν
875 2174 911 2234 τό
925 2181 965 2235 ἐν·

164 2265 329 2340 τεταλμένα.
371 2267 428 2323 Τοῦ
455 2263 484 2322 δέ
512 2265 612 2324 εἵνεκεν
645 2261 750 2323 τούτων
780 2262 966 2338 ἐπεμνήσθην,
975 2267 1013 2323 55

166 2350 277 2429 φράσω·
302 2352 362 2412 ἐστι
383 2357 412 2411 ἐν
431 2356 467 2430 τῇ
488 2349 627 2428 ἀκροπόλι
644 2349 731 2430 ταύτῃ
749 2349 898 2429 Ἐρεχθέος
917 2355 967 2412 τοῦ

164 2440 296 2520 γηγενέος
314 2441 467 2521 λεγομένου
489 2439 558 2500 εἶναι
577 2439 649 2515 νηός,
669 2444 698 2499 ἐν
717 2443 756 2518 τῷ
771 2440 852 2516 ἐλαίη
870 2466 901 2500 τε
922 2441 967 2499 καὶ

166 2526 303 2586 θάλασσα
316 2528 364 2586 ἐνι·
385 2527 421 2586 τό
433 2526 520 2606 λόγος
532 2527 609 2603 παρὰ
621 2526 775 2602 Ἀθηναίων
789 2528 968 2588 Ποσειδέωνά

165 2639 197 2673 τε
210 2615 256 2674 καὶ
268 2613 419 2690 Ἀθηναίην
435 2615 581 2691 ἐρίσαντας
590 2615 653 2692 περὶ
663 2619 713 2690 τῆς
725 2614 818 2694 χώρης
830 2616 967 2694 μαρτύρια

166 2702 276 2762 θέσθαι·
310 2703 413 2778 ταύτην
434 2701 470 2762 ὧν
489 2702 541 2778 τήν
561 2703 658 2779 ἐλαίην
678 2701 738 2780 ἅμα
758 2707 797 2784 τῷ
816 2703 897 2784 ἀλλῳ
918 2708 966 2784 ἱρῷ

166 2790 308 2864 κατέλαβε
322 2791 516 2866 ἐμπρησθῆναι
529 2789 583 2851 ύπό
596 2795 651 2850 τῶν
669 2791 834 2870 βαρβάρων·
856 2793 968 2870 δευτέρῃ

166 2875 196 2935 δὲ
215 2875 305 2954 ήμέρῃ
325 2877 382 2936 ἀπό
402 2880 453 2953 τῆς
479 2877 642 2954 ἐμπρήσιος,
665 2876 818 2954 Ἀθηναίων
842 2883 868 2938 οἱ
893 2879 967 2939 θύειν

165 2962 221 3023 ύπό
239 2965 379 3039 βασιλέος
397 2964 573 3042 κελευόμενοι
592 2965 627 3028 οἷς
645 2964 792 3042 ἀνέβησαν
805 2971 833 3028 ἐς
845 2965 878 3025 τό
898 2966 966 3042 ἱρόν,

167 3050 243 3128 ὥρων
257 3051 389 3126 βλαστὸν
409 3058 440 3112 ἐκ
458 3056 508 3112 τοῦ
526 3053 676 3131 στελέχεος
694 3051 763 3112 ὅσον
781 3080 811 3112 τε
829 3056 968 3131 πηχυαῖον

166 3138 418 3218 ἀναδεδραμηκότα.
461 3137 537 3200 οὗτοι
549 3141 602 3216 μέν
614 3165 663 3200 νυν
675 3143 762 3200 ταῦτα
777 3141 914 3217 ἔφρασαν.

208 3230 245 3286 Οί
265 3228 295 3288 δὲ
315 3235 344 3288 ἐν
366 3230 505 3303 Σαλαμῖνι
515 3227 663 3301 Ἕλληνες,
684 3226 719 3290 ὥς
737 3232 792 3302 σφι
810 3227 967 3306 ἐξαγγέλθη
975 3228 1015 3288 56

168 3313 204 3378 ὥς
217 3315 284 3394 ἐσχε
294 3315 330 3374 τά
343 3313 408 3390 περὶ
421 3314 472 3388 τήν
484 3313 637 3390 Ἀθηναίων
650 3313 813 3389 ἀκρόπολιν,
829 3317 856 3376 ἐς
868 3317 969 3375 τοσοῦ·
998 3357 1000 3360 -
