2276 3538
177 167 209 213 υι
340 139 348 148 ’
480 161 664 210 Ἥνοιιουου
915 159 978 222 [VI.

177 243 244 320 όμῖν
257 241 460 319 ἀναβάλλομαι
476 242 610 319 κυρώσειν
630 247 657 304 ἐς
677 240 809 316 τέταρτον
830 243 905 316 μῆνα
923 239 980 302 άπδ

177 332 268 391 τοῦδε.
311 335 337 390 οἱ
358 335 409 408 μὲν
431 331 465 407 δὴ
485 330 626 405 Μιλήσιοι
648 327 801 404 συμφορὴν
821 328 979 404 ποιεύμενοι

178 418 411 489 ἀπαλλάσσοντο,
437 419 471 481 ὥς
499 418 718 494 ἀπεστερημένοι
741 420 795 475 τῶν
819 415 977 493 χρημάτων·

178 510 305 570 Γλαῦκος
326 508 355 565 δέ
377 506 522 584 ἐπορεύετο
544 509 571 566 ἐς
591 503 724 578 Δελφοδς
744 503 919 581 χρησόμενος
940 511 979 583 τῷ

177 596 348 674 χρηστηρίῳ·
372 597 559 670 ἐπειρωτῶντα
574 592 603 650 δὲ
616 591 702 650 αὐτόν
718 591 751 650 τό
764 591 937 669 χρηστήριον
956 597 980 652 εἰ

178 683 250 763 ὅρκῳ
273 683 308 743 τά
330 682 463 761 χρήματα
486 681 633 756 ληίσεται;
658 679 677 754 ἦ
702 681 795 755 Πυθίη
816 679 978 759 μετέρχεται

177 772 274 830 τοῖσδε
293 775 370 830 τοῖσι
392 771 481 828 ἔπεσι·

227 881 317 931 Γλαῦκ’
331 883 488 940 Ἐπικυδείδη,
509 883 597 940 τὸμὲν
614 882 701 929 αὐτίκα
719 883 807 943 κέρδιον
823 879 886 929 οὕτω

227 958 288 1017 όρκῳ
300 957 402 1013 νικῆσαι,
423 957 462 1002 καὶ
479 956 594 1015 χρήματα
611 956 765 1013 ληίσσασθαι.

229 1029 295 1084 όμνν·
314 1028 367 1074 ἐπεὶ
384 1028 484 1075 θάνατός
501 1045 531 1088 γε
548 1029 588 1074 καὶ
606 1030 699 1089 εὔορκον
715 1029 779 1086 μένει
795 1025 877 1086 ἄνδρα.

228 1099 282 1146 ἀλλ’
295 1100 383 1160 Ὅρκον
400 1101 456 1148 πάϊς
473 1101 539 1148 ἐστὶν
556 1101 681 1156 ἀνώνυμος·
700 1099 749 1147 οὐδ’
765 1101 804 1146 ἔπι
820 1099 905 1158 χεῖρες,

229 1173 282 1220 οὐδὲ
299 1173 376 1220 τόδες’
395 1173 505 1233 κραιπνὸς
522 1173 547 1220 δὲ
562 1173 713 1232 μετέρχεται,
734 1171 811 1218 εἰσόκε
828 1171 910 1218 πάσαν

227 1245 371 1306 συμμάρψας
389 1245 467 1292 ὀλέσει
484 1245 575 1304 γενεὴν,
596 1245 635 1292 καὶ
652 1245 714 1291 οἶκον
731 1243 835 1290 ἅπαντα.

227 1315 309 1379 ἀνδρός
327 1316 346 1364 δ’
363 1317 458 1378 εὐόρκου
474 1318 545 1376 γενεὴ
562 1317 707 1374 μετόπισθεν
724 1316 830 1371 ἀμείνων.

178 1399 265 1455 ταῦτα
279 1395 402 1458 όκοόσας
416 1395 432 1455 ό
446 1400 573 1457 Γλαῦκος
586 1394 754 1474 συγγνώμην
772 1394 822 1452 τόν
843 1392 906 1452 θεόν
926 1420 979 1452 πα-

179 1485 303 1559 ραιτέετο
317 1483 389 1562 αὐτῷ
403 1485 494 1561 ἴσχειν
504 1488 558 1541 τῶν
569 1483 715 1558 ῥηθέντων·
736 1481 755 1557 ἦ
769 1482 798 1540 δὲ
809 1483 902 1556 Πυθίη
914 1482 977 1558 ἐφη,

179 1569 212 1629 τό
231 1571 394 1646 πειρηθῆναι
412 1573 462 1628 τοῦ
481 1571 546 1628 θεοῦ
565 1570 610 1627 καὶ
630 1569 663 1628 τό
684 1573 801 1646 ποιῆσαι
821 1569 886 1629 ἶσον
900 1569 978 1628 δόνα-

180 1658 257 1716 σθαι.
293 1661 419 1718 Γλαῦκος
432 1659 483 1732 μὲν
498 1656 531 1731 δη
544 1656 795 1734 μεταπεμψάμενος
808 1656 871 1720 τούς
885 1661 977 1732 Μιλη

180 1745 259 1807 σίους
280 1744 390 1813 ξείνους,
414 1743 541 1802 ἀποδιδοῖ
564 1751 619 1819 σφι
640 1745 675 1803 τά
696 1745 836 1824 χρήματα.
877 1749 927 1804 τοῦ
949 1746 1000 1814 δὲ,

181 1832 269 1891 εἵνεκα
291 1831 306 1891 ό
325 1832 413 1912 λόγος
435 1831 487 1901 ὅδε,
503 1831 523 1890 ὦ
542 1832 693 1909 Ἀθηναῖοι,
708 1833 823 1910 ιόρμήθη
843 1834 979 1913 λέγεσθαι

180 1925 208 1982 ἐς
227 1919 320 1997 ὑμέας,
335 1919 483 1995 εἰρήσεται·
505 1920 634 1980 Γλαύκου
654 1925 702 1980 νῦν
723 1920 785 1979 οὔτε
798 1947 825 1980 τι
838 1920 979 2000 ἀπόγονόν

180 2012 242 2067 ε’στι
256 2008 333 2067 οὐδὲν
347 2007 404 2066 οὔτ’
415 2009 490 2083 ἱστίη
505 2007 618 2084 οὐδεμία
632 2009 797 2085 νομιζομένη
809 2009 877 2068 εἶναι
888 2008 978 2066 Γλαύ-

179 2123 236 2155 κου·
261 2097 436 2174 ἐκτέτριπταί
454 2122 484 2154 τε
506 2096 654 2173 πρόρριζος
675 2102 704 2155 ἐκ
727 2096 863 2173 Σπάρτης.
909 2094 979 2155 οὕτω

179 2184 285 2265 ἀγαθόν
304 2185 374 2262 μηδὲ
394 2185 567 2244 διανοέεσθαι
581 2186 645 2260 περὶ
660 2184 823 2261 παραθήκης
841 2183 916 2243 άλλο
936 2211 978 2264 γε,

179 2271 400 2348 ἢοῖπαιτεόντων
412 2271 598 2332 ἀποδιδόναι.”
639 2273 809 2352 Λευτυχίδης
828 2275 880 2349 μὲν
901 2273 979 2336 εἶπας

178 2366 274 2430 ταῦτα,
289 2362 323 2424 ὥς
337 2364 363 2420 οἱ
377 2361 439 2420 οὐδὲ
453 2361 522 2420 οὕτω
537 2360 671 2436 ἐσήκουον
684 2365 711 2420 οἶ
723 2361 873 2437 Ἀθηναῖοι,
888 2360 978 2422 άπαλ-

180 2447 317 2506 λάσσετο.

133 2538 169 2597 87
222 2539 258 2593 Οἱ
276 2536 305 2594 δέ
320 2539 472 2614 Αἰγινῆται,
492 2536 557 2612 πρὶν
574 2540 629 2595 τῶν
650 2536 785 2612 πρότερον
803 2536 979 2612 ἀδικημάτων

180 2623 274 2682 δοῦναι
293 2623 369 2685 δίκας
388 2627 442 2681 τῶν
463 2629 490 2686 ἐς
502 2623 665 2699 Ἀθηναίους
686 2624 810 2701 ὕβρισαν
823 2626 979 2700 Θηβαίοισι

179 2710 364 2789 χαριζόμενοι,
393 2713 528 2787 ἐποίησαν
556 2713 671 2772 τοιόνδε·
700 2713 877 2790 μεμφόμενοι
902 2718 979 2774 τοῖσι

179 2798 353 2874 Ἀθηναίοισι
370 2801 415 2858 καὶ
434 2799 573 2870 ἀξιοῦντες
594 2801 761 2871 ἀδικέεσθαι,
776 2801 811 2866 οἷς
824 2803 979 2879 τιμωρησό-

179 2913 257 2964 μενοι
277 2888 343 2951 τούς
355 2888 518 2964 Ἀθηναίους
538 2890 786 2966 παρεσκευάζοντο·
809 2891 854 2948 καὶ
872 2891 907 2965 ἦν
924 2889 979 2970 γάρ

180 2975 214 3051 δὴ
234 2980 311 3035 τοῖσι
327 2977 503 3052 Ἀθηναίοισι
524 2979 682 3054 πεντετηρὶς
703 2979 748 3036 ἐπὶ
766 2979 877 3056 Σουνίῳ,
892 2977 980 3056 λοχή-

180 3091 279 3128 σαντες
302 3065 338 3125 οἶν
358 3065 410 3140 τὴν
432 3065 546 3140 θεωρίδα
569 3069 621 3139 νῆα
646 3065 721 3126 εἷλον
742 3065 851 3141 πλήρεα
874 3065 980 3142 ἀνδρῶν

180 3158 234 3212 τῶν
257 3153 371 3230 πρώτων
392 3151 554 3227 Ἀθηναίων·
574 3151 713 3226 λαβόντες
734 3153 763 3211 δέ
784 3153 849 3216 τούς
870 3151 982 3230 ἄνδρας,

133 3241 171 3296 88
181 3239 292 3313 ἔδησαν.
333 3239 476 3313 Ἀθηναῖοι
490 3239 519 3296 δὲ
532 3238 667 3300 παθόντες
680 3245 767 3298 ταῦτα
785 3241 854 3315 πρός
868 3244 978 3318 Αἰγινη-

180 3325 256 3392 τέων,
280 3325 370 3384 οόκέτι
391 3323 586 3398 ἀνεβάλλοντο
609 3325 649 3399 μή
673 3326 704 3384 οὗ
723 3327 756 3384 τό
778 3330 834 3384 πιῖν
854 3327 978 3402 μηχανή-
