<?xml version="1.0" encoding="UTF-8"?>
<!DOCTYPE html PUBLIC "-//W3C//DTD XHTML 1.0 Transitional//EN"
    "http://www.w3.org/TR/xhtml1/DTD/xhtml1-transitional.dtd">
<html xmlns="http://www.w3.org/1999/xhtml" xml:lang="en" lang="en">
 <head>
  <title>
</title>
<meta http-equiv="Content-Type" content="text/html;charset=utf-8" />
  <meta name='ocr-system' content='tesseract 3.04.00' />
  <meta name='ocr-capabilities' content='ocr_page ocr_carea ocr_par ocr_line ocrx_word'/>
</head>
<body>
  <div class='ocr_page' id='page_1' title='image "./herodotusrecens02blakgoog_0044.png"; bbox 0 0 2268 3536; ppageno 0'>
   <div class='ocr_carea' id='block_1_1' title="bbox 113 145 966 3136">
    <p class='ocr_par' dir='ltr' id='par_1_1' title="bbox 160 145 966 743">
     <span class='ocr_line' id='line_1_1' title="bbox 165 145 963 210; baseline 0.001 -14"><span class='ocrx_word' id='word_1_1' title='bbox 165 151 196 196; x_wconf 77' lang='grc' dir='ltr'>ιι</span> <span class='ocrx_word' id='word_1_2' title='bbox 470 147 654 196; x_wconf 73' lang='grc' dir='ltr'>Ἦνοιοτοτ</span> <span class='ocrx_word' id='word_1_3' title='bbox 918 145 963 210; x_wconf 83' lang='grc' dir='ltr'>[ν.</span> 
     </span>
     <span class='ocr_line' id='line_1_2' title="bbox 164 224 965 304; baseline 0.004 -20"><span class='ocrx_word' id='word_1_4' title='bbox 164 225 294 289; x_wconf 87' lang='grc' dir='ltr'>λεύοντος</span> <span class='ocrx_word' id='word_1_5' title='bbox 307 227 469 302; x_wconf 85' lang='grc' dir='ltr'>Ἀθηναίων,</span> <span class='ocrx_word' id='word_1_6' title='bbox 480 226 570 304; x_wconf 76' lang='grc' dir='ltr'>ὀρθῶς</span> <span class='ocrx_word' id='word_1_7' title='bbox 583 225 618 286; x_wconf 80' lang='grc' dir='ltr'>ἂν</span> <span class='ocrx_word' id='word_1_8' title='bbox 632 224 783 304; x_wconf 77' lang='grc' dir='ltr'>καλέοιτο)</span> <span class='ocrx_word' id='word_1_9' title='bbox 797 224 923 302; x_wconf 85' lang='grc' dir='ltr'>δεύτερον</span> <span class='ocrx_word' id='word_1_10' title='bbox 936 225 965 288; x_wconf 81' lang='grc' dir='ltr'>δέ</span> 
     </span>
     <span class='ocr_line' id='line_1_3' title="bbox 166 312 966 391; baseline 0 -19"><span class='ocrx_word' id='word_1_11' title='bbox 166 315 212 372; x_wconf 87' lang='grc' dir='ltr'>καὶ</span> <span class='ocrx_word' id='word_1_12' title='bbox 225 315 326 390; x_wconf 88' lang='grc' dir='ltr'>τρίτον,</span> <span class='ocrx_word' id='word_1_13' title='bbox 342 313 389 374; x_wconf 85' lang='grc' dir='ltr'>ὅτε</span> <span class='ocrx_word' id='word_1_14' title='bbox 403 316 449 374; x_wconf 86' lang='grc' dir='ltr'>ἐπὶ</span> <span class='ocrx_word' id='word_1_15' title='bbox 463 314 720 391; x_wconf 79' lang='grc' dir='ltr'>Πεισιστρατιδέων</span> <span class='ocrx_word' id='word_1_16' title='bbox 735 314 866 382; x_wconf 80' lang='grc' dir='ltr'>ἐξέλασιν</span> <span class='ocrx_word' id='word_1_17' title='bbox 879 312 966 391; x_wconf 69' lang='grc' dir='ltr'>ὁρμη»</span> 
     </span>
     <span class='ocr_line' id='line_1_4' title="bbox 163 400 966 479; baseline -0.001 -17"><span class='ocrx_word' id='word_1_18' title='bbox 163 403 256 466; x_wconf 90' lang='grc' dir='ltr'>θέντες</span> <span class='ocrx_word' id='word_1_19' title='bbox 272 408 302 461; x_wconf 93' lang='grc' dir='ltr'>ἐκ</span> <span class='ocrx_word' id='word_1_20' title='bbox 317 403 448 479; x_wconf 78' lang='grc' dir='ltr'>Σπάρτης</span> <span class='ocrx_word' id='word_1_21' title='bbox 466 403 610 462; x_wconf 78' lang='grc' dir='ltr'>ἀπίκοντο·</span> <span class='ocrx_word' id='word_1_22' title='bbox 630 402 762 479; x_wconf 87' lang='grc' dir='ltr'>τέταρτον</span> <span class='ocrx_word' id='word_1_23' title='bbox 782 401 811 460; x_wconf 89' lang='grc' dir='ltr'>δέ</span> <span class='ocrx_word' id='word_1_24' title='bbox 827 400 900 471; x_wconf 86' lang='grc' dir='ltr'>τότε,</span> <span class='ocrx_word' id='word_1_25' title='bbox 919 400 966 461; x_wconf 85' lang='grc' dir='ltr'>ὅτε</span> 
     </span>
     <span class='ocr_line' id='line_1_5' title="bbox 162 489 964 570; baseline 0.002 -22"><span class='ocrx_word' id='word_1_26' title='bbox 162 490 190 553; x_wconf 81' lang='grc' dir='ltr'>ἐς</span> <span class='ocrx_word' id='word_1_27' title='bbox 202 489 352 551; x_wconf 77' lang='grc' dir='ltr'>Ἐλευσῖνα</span> <span class='ocrx_word' id='word_1_28' title='bbox 366 492 530 568; x_wconf 71' lang='grc' dir='ltr'>Κλεομένης</span> <span class='ocrx_word' id='word_1_29' title='bbox 550 489 626 570; x_wconf 82' lang='grc' dir='ltr'>ἀγων</span> <span class='ocrx_word' id='word_1_30' title='bbox 640 490 889 562; x_wconf 85' lang='grc' dir='ltr'>Πελοποννησίους</span> <span class='ocrx_word' id='word_1_31' title='bbox 905 491 964 550; x_wconf 87' lang='grc' dir='ltr'>ἐσέ-</span> 
     </span>
     <span class='ocr_line' id='line_1_6' title="bbox 160 577 964 657; baseline 0.001 -19"><span class='ocrx_word' id='word_1_32' title='bbox 160 580 246 654; x_wconf 91' lang='grc' dir='ltr'>βαλε.</span> <span class='ocrx_word' id='word_1_33' title='bbox 288 579 359 639; x_wconf 81' lang='grc' dir='ltr'>οὕτω</span> <span class='ocrx_word' id='word_1_34' title='bbox 382 581 515 657; x_wconf 88' lang='grc' dir='ltr'>τέταρτον</span> <span class='ocrx_word' id='word_1_35' title='bbox 540 577 604 638; x_wconf 79' lang='grc' dir='ltr'>τότε</span> <span class='ocrx_word' id='word_1_36' title='bbox 625 578 744 655; x_wconf 82' lang='grc' dir='ltr'>Δωριέες</span> <span class='ocrx_word' id='word_1_37' title='bbox 768 577 913 654; x_wconf 81' lang='grc' dir='ltr'>ἐσέβαλον</span> <span class='ocrx_word' id='word_1_38' title='bbox 937 583 964 639; x_wconf 80' lang='grc' dir='ltr'>ἐς</span> 
     </span>
     <span class='ocr_line' id='line_1_7' title="bbox 161 665 291 743; baseline 0.008 -18"><span class='ocrx_word' id='word_1_39' title='bbox 161 665 291 743; x_wconf 84' lang='grc' dir='ltr'>Ἀθήνας.</span> 
     </span>
    </p>

    <p class='ocr_par' dir='ltr' id='par_1_2' title="bbox 113 751 964 2952">
     <span class='ocr_line' id='line_1_8' title="bbox 113 751 961 822; baseline -0.004 -8"><span class='ocrx_word' id='word_1_40' title='bbox 113 753 151 814; x_wconf 80' lang='grc'>77</span> <span class='ocrx_word' id='word_1_41' title='bbox 204 757 393 818; x_wconf 89' lang='grc' dir='ltr'>Διολυθέντος</span> <span class='ocrx_word' id='word_1_42' title='bbox 415 754 452 814; x_wconf 84' lang='grc' dir='ltr'>ιἰν</span> <span class='ocrx_word' id='word_1_43' title='bbox 472 757 524 814; x_wconf 87' lang='grc' dir='ltr'>τοῦ</span> <span class='ocrx_word' id='word_1_44' title='bbox 546 753 653 814; x_wconf 86' lang='grc' dir='ltr'>στόλου</span> <span class='ocrx_word' id='word_1_45' title='bbox 671 752 771 814; x_wconf 90' lang='grc' dir='ltr'>τούτου</span> <span class='ocrx_word' id='word_1_46' title='bbox 792 751 905 822; x_wconf 85' lang='grc' dir='ltr'>ἀκλειῦς,</span> <span class='ocrx_word' id='word_1_47' title='bbox 924 758 961 812; x_wconf 85' lang='grc' dir='ltr'>ἐν·</span> 
     </span>
     <span class='ocr_line' id='line_1_9' title="bbox 161 841 962 920; baseline -0.006 -17"><span class='ocrx_word' id='word_1_48' title='bbox 161 844 250 903; x_wconf 87' lang='grc' dir='ltr'>θαῦτα</span> <span class='ocrx_word' id='word_1_49' title='bbox 262 843 407 920; x_wconf 81' lang='grc' dir='ltr'>Ἀθηναῖοι</span> <span class='ocrx_word' id='word_1_50' title='bbox 420 843 566 902; x_wconf 88' lang='grc' dir='ltr'>τίννυσθαι</span> <span class='ocrx_word' id='word_1_51' title='bbox 579 841 760 918; x_wconf 87' lang='grc' dir='ltr'>βουλόμενοι,</span> <span class='ocrx_word' id='word_1_52' title='bbox 772 845 869 918; x_wconf 80' lang='grc' dir='ltr'>πρῶτα</span> <span class='ocrx_word' id='word_1_53' title='bbox 878 867 962 916; x_wconf 90' lang='grc' dir='ltr'>στρα-</span> 
     </span>
     <span class='ocr_line' id='line_1_10' title="bbox 159 929 963 1006; baseline -0.001 -17"><span class='ocrx_word' id='word_1_54' title='bbox 159 931 240 1006; x_wconf 79' lang='grc' dir='ltr'>τηίην</span> <span class='ocrx_word' id='word_1_55' title='bbox 258 935 400 991; x_wconf 77' lang='grc' dir='ltr'>ποιεῦνται</span> <span class='ocrx_word' id='word_1_56' title='bbox 423 931 469 990; x_wconf 81' lang='grc' dir='ltr'>ἐπὶ</span> <span class='ocrx_word' id='word_1_57' title='bbox 491 929 660 992; x_wconf 81' lang='grc' dir='ltr'>Χαλκιδέας·</span> <span class='ocrx_word' id='word_1_58' title='bbox 687 929 804 989; x_wconf 83' lang='grc' dir='ltr'>Βοιωτοὶ</span> <span class='ocrx_word' id='word_1_59' title='bbox 831 929 860 987; x_wconf 85' lang='grc' dir='ltr'>δέ</span> <span class='ocrx_word' id='word_1_60' title='bbox 885 931 963 988; x_wconf 81' lang='grc' dir='ltr'>τοῖσι</span> 
     </span>
     <span class='ocr_line' id='line_1_11' title="bbox 160 1015 963 1095; baseline 0 -19"><span class='ocrx_word' id='word_1_61' title='bbox 160 1019 335 1078; x_wconf 83' lang='grc' dir='ltr'>Χαλκιδεῦσι</span> <span class='ocrx_word' id='word_1_62' title='bbox 347 1019 504 1095; x_wconf 85' lang='grc' dir='ltr'>βοηθέουσι</span> <span class='ocrx_word' id='word_1_63' title='bbox 519 1018 564 1076; x_wconf 84' lang='grc' dir='ltr'>ἐπὶ</span> <span class='ocrx_word' id='word_1_64' title='bbox 577 1015 627 1076; x_wconf 86' lang='grc' dir='ltr'>τάν</span> <span class='ocrx_word' id='word_1_65' title='bbox 639 1016 772 1094; x_wconf 86' lang='grc' dir='ltr'>Εύριπον·</span> <span class='ocrx_word' id='word_1_66' title='bbox 785 1016 963 1093; x_wconf 83' lang='grc' dir='ltr'>Ἀθηναίοισι</span> 
     </span>
     <span class='ocr_line' id='line_1_12' title="bbox 159 1104 960 1183; baseline -0.002 -18"><span class='ocrx_word' id='word_1_67' title='bbox 159 1105 190 1165; x_wconf 91' lang='grc' dir='ltr'>δέ</span> <span class='ocrx_word' id='word_1_68' title='bbox 207 1107 298 1166; x_wconf 81' lang='grc' dir='ltr'>ἰδοῦσι</span> <span class='ocrx_word' id='word_1_69' title='bbox 314 1107 379 1170; x_wconf 82' lang='grc' dir='ltr'>τοῦς</span> <span class='ocrx_word' id='word_1_70' title='bbox 397 1105 523 1183; x_wconf 77' lang='grc' dir='ltr'>βοηθούς</span> <span class='ocrx_word' id='word_1_71' title='bbox 541 1105 617 1174; x_wconf 81' lang='grc' dir='ltr'>ἔδοξε</span> <span class='ocrx_word' id='word_1_72' title='bbox 632 1104 769 1182; x_wconf 89' lang='grc' dir='ltr'>πρότερον</span> <span class='ocrx_word' id='word_1_73' title='bbox 785 1108 862 1164; x_wconf 83' lang='grc' dir='ltr'>τοῖσι</span> <span class='ocrx_word' id='word_1_74' title='bbox 876 1111 960 1163; x_wconf 89' lang='grc' dir='ltr'>Βοιω-</span> 
     </span>
     <span class='ocr_line' id='line_1_13' title="bbox 158 1192 964 1272; baseline -0.004 -18"><span class='ocrx_word' id='word_1_75' title='bbox 158 1199 236 1254; x_wconf 82' lang='grc' dir='ltr'>τοῖσι</span> <span class='ocrx_word' id='word_1_76' title='bbox 249 1193 268 1272; x_wconf 84' lang='grc' dir='ltr'>ἢ</span> <span class='ocrx_word' id='word_1_77' title='bbox 280 1201 357 1256; x_wconf 83' lang='grc' dir='ltr'>τοῖσι</span> <span class='ocrx_word' id='word_1_78' title='bbox 371 1195 546 1255; x_wconf 88' lang='grc' dir='ltr'>Χαλκιδεῦσι</span> <span class='ocrx_word' id='word_1_79' title='bbox 559 1193 730 1272; x_wconf 88' lang='grc' dir='ltr'>ἐπιχειρέειν·</span> <span class='ocrx_word' id='word_1_80' title='bbox 754 1192 964 1269; x_wconf 71' lang='grc' dir='ltr'>συμβάλλουσί</span> 
     </span>
     <span class='ocr_line' id='line_1_14' title="bbox 162 1281 960 1360; baseline -0.004 -18"><span class='ocrx_word' id='word_1_81' title='bbox 162 1309 193 1342; x_wconf 91' lang='grc' dir='ltr'>τε</span> <span class='ocrx_word' id='word_1_82' title='bbox 211 1283 246 1360; x_wconf 77' lang='grc' dir='ltr'>δή</span> <span class='ocrx_word' id='word_1_83' title='bbox 264 1288 341 1344; x_wconf 84' lang='grc' dir='ltr'>τοῖσι</span> <span class='ocrx_word' id='word_1_84' title='bbox 354 1285 504 1343; x_wconf 77' lang='grc' dir='ltr'>Βοιωτοῖσι</span> <span class='ocrx_word' id='word_1_85' title='bbox 525 1285 551 1342; x_wconf 82' lang='grc' dir='ltr'>οἱ</span> <span class='ocrx_word' id='word_1_86' title='bbox 566 1281 717 1358; x_wconf 78' lang='grc' dir='ltr'>Ἀθηναῖοι,</span> <span class='ocrx_word' id='word_1_87' title='bbox 733 1282 779 1341; x_wconf 85' lang='grc' dir='ltr'>καὶ</span> <span class='ocrx_word' id='word_1_88' title='bbox 799 1285 898 1359; x_wconf 77' lang='grc' dir='ltr'>πολλῷ</span> <span class='ocrx_word' id='word_1_89' title='bbox 919 1285 960 1340; x_wconf 91' lang='grc' dir='ltr'>ἐκ-</span> 
     </span>
     <span class='ocr_line' id='line_1_15' title="bbox 157 1370 960 1450; baseline -0.002 -20"><span class='ocrx_word' id='word_1_90' title='bbox 157 1372 295 1449; x_wconf 84' lang='grc' dir='ltr'>ράτησαν·</span> <span class='ocrx_word' id='word_1_91' title='bbox 317 1373 405 1450; x_wconf 89' lang='grc' dir='ltr'>κάρτα</span> <span class='ocrx_word' id='word_1_92' title='bbox 427 1373 457 1430; x_wconf 87' lang='grc' dir='ltr'>δέ</span> <span class='ocrx_word' id='word_1_93' title='bbox 478 1370 606 1434; x_wconf 82' lang='grc' dir='ltr'>πολλοῦς</span> <span class='ocrx_word' id='word_1_94' title='bbox 625 1370 821 1446; x_wconf 80' lang='grc' dir='ltr'>φονεύσαντες,</span> <span class='ocrx_word' id='word_1_95' title='bbox 845 1373 960 1440; x_wconf 80' lang='grc' dir='ltr'>ἑπτακο-</span> 
     </span>
     <span class='ocr_line' id='line_1_16' title="bbox 159 1455 960 1540; baseline -0.004 -22"><span class='ocrx_word' id='word_1_96' title='bbox 159 1461 238 1524; x_wconf 87' lang='grc' dir='ltr'>σίους</span> <span class='ocrx_word' id='word_1_97' title='bbox 252 1460 342 1520; x_wconf 78' lang='grc' dir='ltr'>αὐτῶν</span> <span class='ocrx_word' id='word_1_98' title='bbox 363 1459 533 1540; x_wconf 75' lang='grc' dir='ltr'>ἐζώγρησαν.</span> <span class='ocrx_word' id='word_1_99' title='bbox 574 1462 624 1534; x_wconf 86' lang='grc' dir='ltr'>τῆς</span> <span class='ocrx_word' id='word_1_100' title='bbox 638 1458 668 1518; x_wconf 87' lang='grc' dir='ltr'>δέ</span> <span class='ocrx_word' id='word_1_101' title='bbox 681 1457 767 1534; x_wconf 68' lang='grc' dir='ltr'>αὑτῆς</span> <span class='ocrx_word' id='word_1_102' title='bbox 779 1455 881 1532; x_wconf 77' lang='grc' dir='ltr'>ταύτης</span> <span class='ocrx_word' id='word_1_103' title='bbox 893 1456 960 1534; x_wconf 82' lang='grc' dir='ltr'>ήμέ·</span> 
     </span>
     <span class='ocr_line' id='line_1_17' title="bbox 156 1544 958 1626; baseline 0 -20"><span class='ocrx_word' id='word_1_104' title='bbox 156 1573 207 1626; x_wconf 84' lang='grc' dir='ltr'>ρης</span> <span class='ocrx_word' id='word_1_105' title='bbox 229 1551 256 1607; x_wconf 80' lang='grc' dir='ltr'>οἱ</span> <span class='ocrx_word' id='word_1_106' title='bbox 276 1547 420 1623; x_wconf 82' lang='grc' dir='ltr'>Ἀθηναῖοι</span> <span class='ocrx_word' id='word_1_107' title='bbox 438 1547 586 1622; x_wconf 81' lang='grc' dir='ltr'>διαβάντες</span> <span class='ocrx_word' id='word_1_108' title='bbox 609 1551 636 1609; x_wconf 93' lang='grc' dir='ltr'>ἐς</span> <span class='ocrx_word' id='word_1_109' title='bbox 655 1546 708 1622; x_wconf 80' lang='grc' dir='ltr'>τήν</span> <span class='ocrx_word' id='word_1_110' title='bbox 729 1544 865 1621; x_wconf 78' lang='grc' dir='ltr'>Εὔβοιαν,</span> <span class='ocrx_word' id='word_1_111' title='bbox 888 1569 958 1624; x_wconf 86' lang='grc' dir='ltr'>συμ-</span> 
     </span>
     <span class='ocr_line' id='line_1_18' title="bbox 156 1633 960 1712; baseline -0.005 -17"><span class='ocrx_word' id='word_1_112' title='bbox 156 1636 305 1712; x_wconf 84' lang='grc' dir='ltr'>βάλλουσι</span> <span class='ocrx_word' id='word_1_113' title='bbox 326 1635 372 1693; x_wconf 87' lang='grc' dir='ltr'>καὶ</span> <span class='ocrx_word' id='word_1_114' title='bbox 391 1637 467 1694; x_wconf 83' lang='grc' dir='ltr'>τοῖσι</span> <span class='ocrx_word' id='word_1_115' title='bbox 481 1635 664 1694; x_wconf 86' lang='grc' dir='ltr'>Χαλκιδεῦσι·</span> <span class='ocrx_word' id='word_1_116' title='bbox 686 1635 848 1711; x_wconf 84' lang='grc' dir='ltr'>νικήσαντες</span> <span class='ocrx_word' id='word_1_117' title='bbox 865 1634 894 1693; x_wconf 81' lang='grc' dir='ltr'>δὲ</span> <span class='ocrx_word' id='word_1_118' title='bbox 914 1633 960 1692; x_wconf 88' lang='grc' dir='ltr'>καὶ</span> 
     </span>
     <span class='ocr_line' id='line_1_19' title="bbox 160 1722 959 1802; baseline -0.003 -20"><span class='ocrx_word' id='word_1_119' title='bbox 160 1723 279 1794; x_wconf 89' lang='grc' dir='ltr'>τούτους,</span> <span class='ocrx_word' id='word_1_120' title='bbox 292 1725 535 1802; x_wconf 88' lang='grc' dir='ltr'>τετρακισχιλίους</span> <span class='ocrx_word' id='word_1_121' title='bbox 549 1722 722 1801; x_wconf 88' lang='grc' dir='ltr'>κληρούχους</span> <span class='ocrx_word' id='word_1_122' title='bbox 736 1723 781 1782; x_wconf 84' lang='grc' dir='ltr'>ἐπὶ</span> <span class='ocrx_word' id='word_1_123' title='bbox 800 1725 856 1781; x_wconf 75' lang='grc' dir='ltr'>τῶν</span> <span class='ocrx_word' id='word_1_124' title='bbox 867 1724 959 1786; x_wconf 82' lang='grc' dir='ltr'>,ἱππο-</span> 
     </span>
     <span class='ocr_line' id='line_1_20' title="bbox 159 1809 959 1891; baseline -0.004 -20"><span class='ocrx_word' id='word_1_125' title='bbox 159 1813 267 1887; x_wconf 83' lang='grc' dir='ltr'>βοτέων</span> <span class='ocrx_word' id='word_1_126' title='bbox 283 1817 319 1891; x_wconf 81' lang='grc' dir='ltr'>τῇ</span> <span class='ocrx_word' id='word_1_127' title='bbox 338 1810 416 1890; x_wconf 82' lang='grc' dir='ltr'>χιόρη</span> <span class='ocrx_word' id='word_1_128' title='bbox 435 1813 575 1871; x_wconf 89' lang='grc' dir='ltr'>λείπουσι·</span> <span class='ocrx_word' id='word_1_129' title='bbox 597 1814 624 1870; x_wconf 82' lang='grc' dir='ltr'>οἱ</span> <span class='ocrx_word' id='word_1_130' title='bbox 640 1811 670 1869; x_wconf 85' lang='grc' dir='ltr'>δὲ</span> <span class='ocrx_word' id='word_1_131' title='bbox 688 1809 844 1886; x_wconf 83' lang='grc' dir='ltr'>ἱπποβόται</span> <span class='ocrx_word' id='word_1_132' title='bbox 863 1810 959 1868; x_wconf 84' lang='grc' dir='ltr'>ἐκαλέ-</span> 
     </span>
     <span class='ocr_line' id='line_1_21' title="bbox 159 1896 958 1979; baseline 0 -21"><span class='ocrx_word' id='word_1_133' title='bbox 159 1925 222 1958; x_wconf 91' lang='grc' dir='ltr'>οντο</span> <span class='ocrx_word' id='word_1_134' title='bbox 239 1903 266 1958; x_wconf 82' lang='grc' dir='ltr'>οἶ</span> <span class='ocrx_word' id='word_1_135' title='bbox 278 1900 381 1979; x_wconf 87' lang='grc' dir='ltr'>παχέες</span> <span class='ocrx_word' id='word_1_136' title='bbox 394 1903 449 1960; x_wconf 82' lang='grc' dir='ltr'>τῶν</span> <span class='ocrx_word' id='word_1_137' title='bbox 463 1900 634 1959; x_wconf 89' lang='grc' dir='ltr'>Χαλκιδέων·</span> <span class='ocrx_word' id='word_1_138' title='bbox 655 1898 740 1962; x_wconf 79' lang='grc' dir='ltr'>ὅσους</span> <span class='ocrx_word' id='word_1_139' title='bbox 753 1899 782 1958; x_wconf 89' lang='grc' dir='ltr'>δὲ</span> <span class='ocrx_word' id='word_1_140' title='bbox 796 1898 842 1958; x_wconf 87' lang='grc' dir='ltr'>καὶ</span> <span class='ocrx_word' id='word_1_141' title='bbox 854 1896 958 1964; x_wconf 90' lang='grc' dir='ltr'>τούτων</span> 
     </span>
     <span class='ocr_line' id='line_1_22' title="bbox 158 1980 958 2069; baseline 0.001 -24"><span class='ocrx_word' id='word_1_142' title='bbox 158 1980 327 2069; x_wconf 76' lang='grc' dir='ltr'>ἐζώγρησαν,</span> <span class='ocrx_word' id='word_1_143' title='bbox 342 1987 401 2065; x_wconf 82' lang='grc' dir='ltr'>ἅμα</span> <span class='ocrx_word' id='word_1_144' title='bbox 414 1991 490 2048; x_wconf 83' lang='grc' dir='ltr'>τοῖσι</span> <span class='ocrx_word' id='word_1_145' title='bbox 503 1991 632 2047; x_wconf 85' lang='grc' dir='ltr'>Βοιωτῶν</span> <span class='ocrx_word' id='word_1_146' title='bbox 646 1987 861 2068; x_wconf 80' lang='grc' dir='ltr'>ἐζωγρημένοισι</span> <span class='ocrx_word' id='word_1_147' title='bbox 882 1985 958 2064; x_wconf 83' lang='grc' dir='ltr'>εἶχον</span> 
     </span>
     <span class='ocr_line' id='line_1_23' title="bbox 158 2073 955 2156; baseline 0 -22"><span class='ocrx_word' id='word_1_148' title='bbox 158 2080 188 2135; x_wconf 80' lang='grc' dir='ltr'>ἐν</span> <span class='ocrx_word' id='word_1_149' title='bbox 210 2081 333 2156; x_wconf 79' lang='grc' dir='ltr'>φυλακῇ,</span> <span class='ocrx_word' id='word_1_150' title='bbox 355 2082 384 2137; x_wconf 88' lang='grc' dir='ltr'>ἐν</span> <span class='ocrx_word' id='word_1_151' title='bbox 405 2076 501 2140; x_wconf 86' lang='grc' dir='ltr'>πέδαις</span> <span class='ocrx_word' id='word_1_152' title='bbox 523 2075 667 2152; x_wconf 87' lang='grc' dir='ltr'>δήσαντες·</span> <span class='ocrx_word' id='word_1_153' title='bbox 688 2075 779 2154; x_wconf 77' lang='grc' dir='ltr'>χρόνῳ</span> <span class='ocrx_word' id='word_1_154' title='bbox 799 2075 830 2134; x_wconf 87' lang='grc' dir='ltr'>δέ</span> <span class='ocrx_word' id='word_1_155' title='bbox 853 2073 955 2134; x_wconf 83' lang='grc' dir='ltr'>ἔλυσάν</span> 
     </span>
     <span class='ocr_line' id='line_1_24' title="bbox 156 2161 956 2243; baseline 0 -21"><span class='ocrx_word' id='word_1_156' title='bbox 156 2170 247 2240; x_wconf 83' lang='grc' dir='ltr'>σφεας</span> <span class='ocrx_word' id='word_1_157' title='bbox 261 2167 375 2243; x_wconf 88' lang='grc' dir='ltr'>διμνέως</span> <span class='ocrx_word' id='word_1_158' title='bbox 385 2163 639 2242; x_wconf 76' lang='grc' dir='ltr'>ἀποτιμησάμενοι·</span> <span class='ocrx_word' id='word_1_159' title='bbox 653 2162 703 2226; x_wconf 82' lang='grc' dir='ltr'>τάς</span> <span class='ocrx_word' id='word_1_160' title='bbox 716 2163 746 2222; x_wconf 89' lang='grc' dir='ltr'>δέ</span> <span class='ocrx_word' id='word_1_161' title='bbox 759 2163 844 2226; x_wconf 88' lang='grc' dir='ltr'>πέδας</span> <span class='ocrx_word' id='word_1_162' title='bbox 858 2161 956 2232; x_wconf 83' lang='grc' dir='ltr'>αύτιῦν,</span> 
     </span>
     <span class='ocr_line' id='line_1_25' title="bbox 157 2250 955 2332; baseline -0.003 -20"><span class='ocrx_word' id='word_1_163' title='bbox 157 2257 187 2312; x_wconf 79' lang='grc' dir='ltr'>ἐν</span> <span class='ocrx_word' id='word_1_164' title='bbox 204 2257 271 2332; x_wconf 84' lang='grc' dir='ltr'>τῇσι</span> <span class='ocrx_word' id='word_1_165' title='bbox 297 2254 431 2323; x_wconf 88' lang='grc' dir='ltr'>ἐδεδέατο,</span> <span class='ocrx_word' id='word_1_166' title='bbox 455 2253 648 2330; x_wconf 77' lang='grc' dir='ltr'>ἀνεκρέμασαν</span> <span class='ocrx_word' id='word_1_167' title='bbox 670 2256 698 2314; x_wconf 90' lang='grc' dir='ltr'>ἐς</span> <span class='ocrx_word' id='word_1_168' title='bbox 717 2251 769 2327; x_wconf 77' lang='grc' dir='ltr'>τὴν</span> <span class='ocrx_word' id='word_1_169' title='bbox 791 2250 955 2329; x_wconf 88' lang='grc' dir='ltr'>ἀκρόπολιν·</span> 
     </span>
     <span class='ocr_line' id='line_1_26' title="bbox 154 2338 955 2418; baseline 0 -20"><span class='ocrx_word' id='word_1_170' title='bbox 154 2341 236 2417; x_wconf 82' lang='grc' dir='ltr'>αἴπερ</span> <span class='ocrx_word' id='word_1_171' title='bbox 259 2342 299 2400; x_wconf 85' lang='grc' dir='ltr'>ἐτι</span> <span class='ocrx_word' id='word_1_172' title='bbox 321 2342 368 2400; x_wconf 85' lang='grc' dir='ltr'>καὶ</span> <span class='ocrx_word' id='word_1_173' title='bbox 386 2347 414 2404; x_wconf 91' lang='grc' dir='ltr'>ἐς</span> <span class='ocrx_word' id='word_1_174' title='bbox 435 2343 483 2418; x_wconf 80' lang='grc' dir='ltr'>ἐμὲ</span> <span class='ocrx_word' id='word_1_175' title='bbox 503 2341 578 2417; x_wconf 85' lang='grc' dir='ltr'>ἦσαν</span> <span class='ocrx_word' id='word_1_176' title='bbox 597 2344 767 2416; x_wconf 86' lang='grc' dir='ltr'>περιεοῦσαι,</span> <span class='ocrx_word' id='word_1_177' title='bbox 787 2338 955 2416; x_wconf 82' lang='grc' dir='ltr'>κρεμάμεναι</span> 
     </span>
     <span class='ocr_line' id='line_1_27' title="bbox 154 2427 954 2507; baseline 0 -21"><span class='ocrx_word' id='word_1_178' title='bbox 154 2433 184 2486; x_wconf 91' lang='grc' dir='ltr'>ἐκ</span> <span class='ocrx_word' id='word_1_179' title='bbox 204 2429 317 2507; x_wconf 90' lang='grc' dir='ltr'>τειχέων</span> <span class='ocrx_word' id='word_1_180' title='bbox 331 2430 617 2506; x_wconf 85' lang='grc' dir='ltr'>περιπεφλευσμένων</span> <span class='ocrx_word' id='word_1_181' title='bbox 631 2428 698 2506; x_wconf 89' lang='grc' dir='ltr'>πυρὶ</span> <span class='ocrx_word' id='word_1_182' title='bbox 711 2427 766 2488; x_wconf 84' lang='grc' dir='ltr'>ῦπὸ</span> <span class='ocrx_word' id='word_1_183' title='bbox 779 2431 830 2488; x_wconf 85' lang='grc' dir='ltr'>τοῦ</span> <span class='ocrx_word' id='word_1_184' title='bbox 844 2427 954 2503; x_wconf 84' lang='grc' dir='ltr'>Μήδου·</span> 
     </span>
     <span class='ocr_line' id='line_1_28' title="bbox 154 2516 954 2598; baseline -0.003 -22"><span class='ocrx_word' id='word_1_185' title='bbox 154 2516 247 2577; x_wconf 86' lang='grc' dir='ltr'>ἀντίον</span> <span class='ocrx_word' id='word_1_186' title='bbox 264 2517 294 2576; x_wconf 81' lang='grc' dir='ltr'>δὲ</span> <span class='ocrx_word' id='word_1_187' title='bbox 309 2522 359 2576; x_wconf 86' lang='grc' dir='ltr'>τοῦ</span> <span class='ocrx_word' id='word_1_188' title='bbox 377 2517 501 2598; x_wconf 88' lang='grc' dir='ltr'>μεγάρου</span> <span class='ocrx_word' id='word_1_189' title='bbox 517 2521 567 2576; x_wconf 88' lang='grc' dir='ltr'>τοῦ</span> <span class='ocrx_word' id='word_1_190' title='bbox 586 2516 656 2594; x_wconf 82' lang='grc' dir='ltr'>πρὸς</span> <span class='ocrx_word' id='word_1_191' title='bbox 669 2517 791 2593; x_wconf 82' lang='grc' dir='ltr'>ἑσπέρην</span> <span class='ocrx_word' id='word_1_192' title='bbox 803 2516 954 2593; x_wconf 83' lang='grc' dir='ltr'>τετραμμέ-</span> 
     </span>
     <span class='ocr_line' id='line_1_29' title="bbox 155 2603 953 2682; baseline -0.004 -17"><span class='ocrx_word' id='word_1_193' title='bbox 155 2631 204 2665; x_wconf 90' lang='grc' dir='ltr'>νου</span> <span class='ocrx_word' id='word_1_194' title='bbox 224 2606 269 2663; x_wconf 84' lang='grc' dir='ltr'>καὶ</span> <span class='ocrx_word' id='word_1_195' title='bbox 282 2609 337 2666; x_wconf 86' lang='grc' dir='ltr'>τιῦν</span> <span class='ocrx_word' id='word_1_196' title='bbox 350 2605 459 2682; x_wconf 87' lang='grc' dir='ltr'>λύτρων</span> <span class='ocrx_word' id='word_1_197' title='bbox 471 2604 523 2680; x_wconf 81' lang='grc' dir='ltr'>τήν</span> <span class='ocrx_word' id='word_1_198' title='bbox 539 2604 656 2680; x_wconf 82' lang='grc' dir='ltr'>δεκάτην</span> <span class='ocrx_word' id='word_1_199' title='bbox 676 2603 821 2680; x_wconf 89' lang='grc' dir='ltr'>ἀνέθηκαν,</span> <span class='ocrx_word' id='word_1_200' title='bbox 836 2603 953 2678; x_wconf 85' lang='grc' dir='ltr'>ποιησά-</span> 
     </span>
     <span class='ocr_line' id='line_1_30' title="bbox 151 2691 955 2772; baseline 0.001 -21"><span class='ocrx_word' id='word_1_201' title='bbox 151 2707 230 2771; x_wconf 83' lang='grc' dir='ltr'>μενοι</span> <span class='ocrx_word' id='word_1_202' title='bbox 250 2693 404 2770; x_wconf 89' lang='grc' dir='ltr'>τέθριππον</span> <span class='ocrx_word' id='word_1_203' title='bbox 425 2693 558 2772; x_wconf 84' lang='grc' dir='ltr'>χάλκεον·</span> <span class='ocrx_word' id='word_1_204' title='bbox 585 2693 617 2752; x_wconf 86' lang='grc' dir='ltr'>τδ</span> <span class='ocrx_word' id='word_1_205' title='bbox 640 2693 669 2752; x_wconf 90' lang='grc' dir='ltr'>δέ</span> <span class='ocrx_word' id='word_1_206' title='bbox 696 2691 846 2770; x_wconf 79' lang='grc' dir='ltr'>ἀριστερῆς</span> <span class='ocrx_word' id='word_1_207' title='bbox 872 2691 955 2770; x_wconf 83' lang='grc' dir='ltr'>χερδς</span> 
     </span>
     <span class='ocr_line' id='line_1_31' title="bbox 155 2779 953 2858; baseline -0.004 -17"><span class='ocrx_word' id='word_1_208' title='bbox 155 2782 255 2858; x_wconf 80' lang='grc' dir='ltr'>ἕστηκε</span> <span class='ocrx_word' id='word_1_209' title='bbox 277 2785 388 2858; x_wconf 79' lang='grc' dir='ltr'>πρῶτον</span> <span class='ocrx_word' id='word_1_210' title='bbox 410 2781 515 2842; x_wconf 83' lang='grc' dir='ltr'>ἐσιόντι</span> <span class='ocrx_word' id='word_1_211' title='bbox 536 2787 563 2844; x_wconf 90' lang='grc' dir='ltr'>ἐς</span> <span class='ocrx_word' id='word_1_212' title='bbox 583 2781 619 2840; x_wconf 88' lang='grc' dir='ltr'>τά</span> <span class='ocrx_word' id='word_1_213' title='bbox 638 2779 801 2858; x_wconf 87' lang='grc' dir='ltr'>προπύλαια</span> <span class='ocrx_word' id='word_1_214' title='bbox 818 2779 855 2839; x_wconf 81' lang='grc' dir='ltr'>τά</span> <span class='ocrx_word' id='word_1_215' title='bbox 872 2785 901 2839; x_wconf 90' lang='grc' dir='ltr'>ἐν</span> <span class='ocrx_word' id='word_1_216' title='bbox 918 2803 953 2856; x_wconf 86' lang='grc' dir='ltr'>τῃ</span> 
     </span>
     <span class='ocr_line' id='line_1_32' title="bbox 153 2868 719 2952; baseline 0 -24"><span class='ocrx_word' id='word_1_217' title='bbox 153 2868 301 2947; x_wconf 81' lang='grc' dir='ltr'>ἀκροπόλι,</span> <span class='ocrx_word' id='word_1_218' title='bbox 323 2871 524 2952; x_wconf 87' lang='grc' dir='ltr'>ἐπιγέγραπται</span> <span class='ocrx_word' id='word_1_219' title='bbox 545 2871 576 2929; x_wconf 88' lang='grc' dir='ltr'>δέ</span> <span class='ocrx_word' id='word_1_220' title='bbox 596 2872 624 2929; x_wconf 81' lang='grc' dir='ltr'>οἱ</span> <span class='ocrx_word' id='word_1_221' title='bbox 643 2868 719 2928; x_wconf 86' lang='grc' dir='ltr'>τάδε·</span> 
     </span>
    </p>

    <p class='ocr_par' dir='ltr' id='par_1_3' title="bbox 226 2976 824 3136">
     <span class='ocr_line' id='line_1_33' title="bbox 226 2976 824 3060; baseline -0.005 -9"><span class='ocrx_word' id='word_1_222' title='bbox 226 3003 316 3051; x_wconf 83' lang='grc' dir='ltr'>Ἔθνεα</span> <span class='ocrx_word' id='word_1_223' title='bbox 333 3005 443 3051; x_wconf 78' lang='grc' dir='ltr'>Βοιωτῶν</span> <span class='ocrx_word' id='word_1_224' title='bbox 461 3004 500 3050; x_wconf 81' lang='grc' dir='ltr'>καὶ</span> <span class='ocrx_word' id='word_1_225' title='bbox 518 2976 658 3049; x_wconf 78' lang='grc' dir='ltr'>Χαλκιδέων</span> <span class='ocrx_word' id='word_1_226' title='bbox 674 3000 824 3060; x_wconf 79' lang='grc' dir='ltr'>δαμάσαντες</span> 
     </span>
     <span class='ocr_line' id='line_1_34' title="bbox 265 3073 796 3136; baseline -0.002 -14"><span class='ocrx_word' id='word_1_227' title='bbox 265 3079 347 3124; x_wconf 82' lang='grc' dir='ltr'>παῖδες</span> <span class='ocrx_word' id='word_1_228' title='bbox 359 3075 491 3134; x_wconf 76' lang='grc' dir='ltr'>Ἀθηναίων</span> <span class='ocrx_word' id='word_1_229' title='bbox 507 3075 624 3136; x_wconf 73' lang='grc' dir='ltr'>ἔργμασιν</span> <span class='ocrx_word' id='word_1_230' title='bbox 641 3075 668 3120; x_wconf 82' lang='grc' dir='ltr'>ἐν</span> <span class='ocrx_word' id='word_1_231' title='bbox 682 3073 796 3132; x_wconf 81' lang='grc' dir='ltr'>πολέμου,</span> 
     </span>
    </p>
   </div>
   <div class='ocr_carea' id='block_1_2' title="bbox 230 3144 858 3276">
    <p class='ocr_par' dir='ltr' id='par_1_4' title="bbox 230 3144 858 3276">
     <span class='ocr_line' id='line_1_35' title="bbox 230 3144 827 3208; baseline -0.005 -11"><span class='ocrx_word' id='word_1_232' title='bbox 230 3151 312 3207; x_wconf 67' lang='grc' dir='ltr'>δεσμῷ</span> <span class='ocrx_word' id='word_1_233' title='bbox 323 3149 349 3195; x_wconf 81' lang='grc' dir='ltr'>ἐν</span> <span class='ocrx_word' id='word_1_234' title='bbox 366 3148 494 3206; x_wconf 77' lang='grc' dir='ltr'>ἀχλυόεντι</span> <span class='ocrx_word' id='word_1_235' title='bbox 511 3145 612 3205; x_wconf 73' lang='grc' dir='ltr'>σιδηρέῳ</span> <span class='ocrx_word' id='word_1_236' title='bbox 630 3144 735 3206; x_wconf 78' lang='grc' dir='ltr'>ἔσβεσαν</span> <span class='ocrx_word' id='word_1_237' title='bbox 752 3145 827 3208; x_wconf 78' lang='grc' dir='ltr'>ὕβριν</span> 
     </span>
     <span class='ocr_line' id='line_1_36' title="bbox 265 3217 858 3276; baseline -0.002 -10"><span class='ocrx_word' id='word_1_238' title='bbox 265 3222 312 3266; x_wconf 83' lang='grc' dir='ltr'>τών</span> <span class='ocrx_word' id='word_1_239' title='bbox 330 3223 416 3266; x_wconf 72' lang='grc' dir='ltr'>ἵππους</span> <span class='ocrx_word' id='word_1_240' title='bbox 433 3219 534 3276; x_wconf 78' lang='grc' dir='ltr'>δεκάτην</span> <span class='ocrx_word' id='word_1_241' title='bbox 550 3217 664 3265; x_wconf 77' lang='grc' dir='ltr'>Παλλάδι</span> <span class='ocrx_word' id='word_1_242' title='bbox 681 3217 749 3266; x_wconf 86' lang='grc' dir='ltr'>τάσδ’</span> <span class='ocrx_word' id='word_1_243' title='bbox 766 3220 858 3268; x_wconf 79' lang='grc' dir='ltr'>ἔθεσαν·</span> 
     </span>
    </p>
   </div>
   <div class='ocr_carea' id='block_1_3' title="bbox 102 3324 945 3405">
    <p class='ocr_par' dir='ltr' id='par_1_5' title="bbox 102 3324 945 3405">
     <span class='ocr_line' id='line_1_37' title="bbox 102 3324 945 3405; baseline -0.005 -15"><span class='ocrx_word' id='word_1_244' title='bbox 102 3327 291 3404; x_wconf 81' lang='grc' dir='ltr'>78Ἀθηναῖοι</span> <span class='ocrx_word' id='word_1_245' title='bbox 314 3329 365 3403; x_wconf 88' lang='grc' dir='ltr'>μέν</span> <span class='ocrx_word' id='word_1_246' title='bbox 389 3353 437 3387; x_wconf 92' lang='grc' dir='ltr'>νυν</span> <span class='ocrx_word' id='word_1_247' title='bbox 457 3325 585 3405; x_wconf 75' lang='grc' dir='ltr'>ηὔξηντο.</span> <span class='ocrx_word' id='word_1_248' title='bbox 627 3325 711 3401; x_wconf 82' lang='grc' dir='ltr'>δηλοῖ</span> <span class='ocrx_word' id='word_1_249' title='bbox 731 3325 761 3383; x_wconf 86' lang='grc' dir='ltr'>δέ</span> <span class='ocrx_word' id='word_1_250' title='bbox 786 3324 819 3384; x_wconf 80' lang='grc' dir='ltr'>οὗ</span> <span class='ocrx_word' id='word_1_251' title='bbox 841 3328 900 3390; x_wconf 76' lang='grc' dir='ltr'>κατ’</span> <span class='ocrx_word' id='word_1_252' title='bbox 922 3329 945 3386; x_wconf 78' lang='grc' dir='ltr'>ἐι</span> 
     </span>
    </p>
   </div>
   <div class='ocr_carea' id='block_1_4' title="bbox 0 0 1138 3536">
    <p class='ocr_par' dir='ltr' id='par_1_6' title="bbox 0 0 1138 3536">
     <span class='ocr_line' id='line_1_38' title="bbox 0 0 1138 3536; baseline 0 5"><span class='ocrx_word' id='word_1_253' title='bbox 0 0 1138 3536; x_wconf 95' lang='lat' dir='ltr'> </span> 
     </span>
    </p>
   </div>
   <div class='ocr_carea' id='block_1_5' title="bbox 10 3443 64 3510">
    <p class='ocr_par' dir='ltr' id='par_1_7' title="bbox 10 3443 64 3510">
     <span class='ocr_line' id='line_1_39' title="bbox 10 3443 64 3510; baseline 0 0"><span class='ocrx_word' id='word_1_254' title='bbox 10 3443 64 3510; x_wconf 56' lang='lat' dir='ltr'><strong>h</strong></span> 
     </span>
    </p>
   </div>
  </div>
 </body>
</html>
