2276 3538
138 167 254 229 ,το-ιι]
493 165 606 212 mm.
917 161 946 210 οι

147 271 187 305 ειν
199 243 233 304 τό
242 243 356 324 Ἄργος,
371 243 476 319 παρεόν
493 241 625 306 εὐπετέως
645 269 694 319 μιν
714 245 796 302 ἑλεῖν·
817 240 834 302 ἀ
848 240 880 300 δέ
892 245 948 316 σφι

147 332 232 401 ἐλεξε,
247 329 309 390 οὔτε
323 335 346 390 εἰ
360 330 527 408 ψευδόμενος
541 329 603 390 οὔτε
625 335 648 388 εἰ
668 330 775 406 ἀληθέα
788 330 878 410 λέγων
895 329 948 408 ἔχω

147 421 295 496 σαφηνέως
316 419 400 478 εἶπαι·
422 419 499 488 ἔλεξε
520 419 543 478 δ’
558 418 594 478 ὧν
611 417 734 494 φάμενος
750 417 810 475 ἐπεί
823 443 854 476 τε
868 415 902 492 δή
915 416 948 476 τό

146 513 197 567 τοῦ
212 507 320 588 Ἄργου
341 507 401 584 ἱρόν
422 506 487 576 εἷλε,
510 507 615 566 δοκέειν
636 509 663 564 οἱ
685 505 880 580 ἐξεληλυθέναι
900 503 949 563 τάν

146 595 279 674 χρησμόν
298 599 348 655 τοῦ
369 595 443 654 θεοῦ·
464 594 535 672 πρός
550 594 586 654 ὧν
599 598 687 654 ταῦτα
701 593 733 652 οὐ
750 593 872 652 δικαιοῦν
891 617 950 649 πει-

147 687 200 760 ριῖν
220 688 270 759 τῆς
290 683 398 754 πόλιος,
421 684 486 760 πρίν
509 709 542 764 γε
566 683 600 758 δή
626 685 713 760 ἱροῖσι
732 681 882 760 χρήσηται,
902 680 948 740 καὶ

147 771 224 850 μάθῃ
239 773 292 831 εἴτε
307 775 333 830 οἱ
347 770 362 831 ὁ
376 771 438 834 θεδς
458 771 606 848 παραδιδοῖ
619 772 673 830 εἴτε
687 774 714 830 οἱ
728 767 854 846 ἐμποδιδν
868 768 949 843 ἐστη-

148 885 188 917 κε·
210 860 430 938 καλλιερευμένῳ
450 859 479 918 δὲ
493 864 521 918 ἐν
534 864 572 938 τῷ
584 858 690 937 Ἡραίῳ
705 864 735 918 ἐκ
750 861 800 916 τοῦ
821 855 949 936 ἀγάλμα-

147 972 195 1010 τος
207 953 261 1008 ταῖν
275 949 400 1024 στηθέων
415 943 516 1028 φλόγα
526 947 612 1022 πυρός
630 945 782 1024 ἐκλάμψαι·
803 945 903 1022 μαθεῖν
919 944 948 1002 δὲ

149 1033 230 1098 αὐτὰς
244 1036 314 1096 οὕτω
326 1035 379 1111 τήν
392 1035 547 1112 ἀτρεκηίην,
561 1035 604 1094 ὅτι
618 1033 667 1093 οὐκ
684 1036 768 1111 αἱρέει
784 1033 817 1093 τό
831 1031 947 1112 Ἄργος·

151 1125 175 1178 εἰ
200 1125 250 1197 μὲν
271 1123 326 1202 γὰρ
354 1128 384 1200 ἐκ
409 1127 459 1198 τῆς
487 1126 613 1196 κεφαλῆς
632 1127 682 1181 τοῦ
703 1121 867 1202 ἀγάλματος
893 1121 949 1189 ἐξέ-

151 1212 255 1285 λαμψε,
270 1211 370 1284 αἱρέειν
390 1208 424 1269 ἂν
444 1209 502 1268 κατ’
516 1208 600 1285 ἄκρης
620 1209 672 1284 τήν
692 1209 785 1268 πόλιν·
808 1215 837 1266 ἐκ
851 1209 949 1266 τῶνδὲ

152 1297 275 1370 στηθέων
288 1297 461 1374 λάμψαντος,
475 1301 532 1354 πᾶν
545 1300 572 1354 οἱ
585 1297 756 1371 πεποιῆσθαι
774 1296 843 1355 ὅσον
857 1295 872 1355 ό
887 1296 950 1358 θεάς

151 1385 287 1458 ἐβούλετο
307 1385 448 1464 γενέσθαι.
489 1388 577 1443 ταῦτα
591 1385 620 1443 δέ
633 1385 731 1465 λέγων,
745 1377 834 1443 πιστά
854 1411 884 1444 τε
904 1385 950 1443 καὶ

150 1472 245 1531 οἰκότα
275 1471 366 1531 ἐδόκεε
393 1473 588 1550 Σπαρτιήτῃσι
616 1474 717 1554 λέγειν,
745 1473 791 1532 καὶ
820 1471 949 1554 ἀπέφυγε

149 1559 260 1620 πολλόν
280 1560 344 1623 τούς
365 1560 521 1623 διώκοντας.

185 1646 290 1728 Ἀργος
308 1649 337 1707 δέ
356 1647 461 1725 ἀνδρῶν
482 1647 609 1727 ἐχηρώθη
630 1648 708 1720 οὕτω,
724 1647 796 1709 ὥστε
810 1653 836 1710 οἱ
850 1649 947 1710 δοῦλοι
957 1653 995 1710 83

149 1733 239 1794 αὐτῶν
260 1737 345 1814 ἔσχον
363 1735 455 1796 πάντα
475 1737 510 1796 τά
532 1737 685 1818 πρήγματα
703 1737 835 1817 ἄρχοντές
852 1763 883 1796 τε
902 1740 948 1797 καὶ

149 1822 295 1892 διέποντες,
308 1830 334 1887 ἐς
348 1824 364 1884 δ
377 1823 528 1901 ἐπήβησαν
541 1829 635 1886 αἰτῶν
648 1826 829 1904 ἀπολομένων
843 1827 946 1888 παῖδες.

149 1910 243 1970 ἔπειτά
258 1918 350 1986 σφεας
368 1910 445 1972 οὗτοι
466 1913 651 1990 ἀνακτώμενοι
674 1913 765 1974 ὀπίσω
784 1920 811 1977 ἐς
833 1913 949 1976 ἑωυτούς

149 1997 182 2057 τό
191 1996 296 2079 Ἀργος
309 2001 457 2076 ἐξέβαλον·
478 2001 657 2078 ἐξωθεύμενοι
671 2002 700 2060 δὲ
715 2005 741 2060 οἱ
755 2003 855 2060 δοῦλοι
871 2001 950 2078 μάχῃ

149 2087 235 2166 ἔσχον
247 2089 376 2164 Τίρυνθα.
416 2090 482 2152 τέως
495 2092 546 2165 μὲν
559 2089 594 2164 δή
606 2095 662 2163 σφι
675 2088 711 2163 ἦν
727 2088 833 2163 ἄρθμια
855 2093 882 2148 ἐς
899 2087 949 2144 άλ-

149 2175 263 2250 λήλους·
286 2177 379 2236 ἔπειτα
393 2176 423 2236 δέ
435 2181 463 2239 ἐς
475 2177 539 2238 τούς
552 2176 669 2236 δούλους
681 2175 752 2249 ἦλθε
766 2173 836 2250 ἀνὴρ
852 2173 950 2249 μάντις

149 2263 318 2341 Κλέανδρος,
326 2265 406 2345 γένος
420 2261 618 2342 ἐιδνΦιγαλεύς
632 2261 678 2320 ἀπ’
692 2261 848 2337 Ἀρκαδίης·
871 2259 951 2326 οὗτος

147 2351 212 2414 τούς
228 2352 344 2415 δούλους
362 2351 502 2432 ἀνέγνωσε
520 2350 667 2409 ἐπιθέσθαι
685 2353 762 2410 τοῖσι
781 2349 948 2430 δεσπότῃσι·

148 2443 179 2498 ἐκ
191 2440 291 2500 τούτου
304 2441 333 2499 δὲ
346 2438 472 2515 πόλεμός
485 2444 541 2514 σφι
557 2437 591 2514 ἦν
610 2439 656 2497 ἐπὶ
673 2436 775 2517 χρόνον
793 2437 906 2518 συχνόν,
922 2446 950 2505 ἐς

148 2527 164 2588 ὃ
185 2526 219 2602 δή
239 2528 321 2609 μόγις
342 2532 368 2587 οἱ
388 2527 510 2608 Ἀργεῖοι
532 2525 733 2604 ἐπεκράτησαν.

188 2613 311 2695 Ἀργεῖοι
328 2617 380 2692 μέν
397 2641 445 2675 νυν
464 2615 509 2674 διά
524 2619 613 2674 ταῦτα
626 2615 788 2692 Κλεομένεά
802 2623 876 2693 φασι
893 2645 945 2696 μα·
955 2620 994 2678 84

147 2703 229 2762 νέντο
244 2701 405 2763 ἀπολέσθαι
423 2707 520 2766 κακαῖς·
541 2702 620 2762 αὐτοὶ
638 2704 667 2762 δέ
681 2705 858 2781 Σπαρτιῆταί
872 2713 948 2782 φασι

147 2795 178 2848 ἐκ
199 2790 341 2866 δαιμονίου
361 2795 413 2867 μέν
429 2789 538 2854 ούδενὸς
555 2796 675 2867 μανῆναι
693 2794 862 2870 Κλεομένεα,
879 2794 948 2858 Σκύ-

147 2879 216 2956 θῃσι
233 2879 262 2937 δέ
278 2878 457 2956 ὁμιλήσαντά
474 2905 522 2956 μιν
540 2878 735 2957 ἀκρητοπότην
752 2881 883 2961 γενέσθαι
903 2882 948 2939 καὶ

147 2971 178 3024 ἐκ
195 2965 295 3026 τούτου
313 2972 443 3044 μανῆναι·
465 2967 574 3031 Σκύθας
591 2967 647 3048 γάρ
662 2969 727 3031 τούς
743 2968 872 3044 νομάδας,
887 2967 950 3026 ἐπεί

147 3053 178 3112 τέ
191 3059 247 3128 σφι
262 3057 382 3131 Δαρεῖον
396 3057 533 3131 ἐσβαλεῖν
547 3061 574 3118 ἐς
586 3055 639 3130 τήν
651 3056 752 3134 χώρην,
767 3055 838 3130 μετὰ
858 3059 946 3113 ταῦτα

147 3142 296 3218 αεμονέναι
313 3168 361 3219 μιν
378 3143 524 3203 τίσασθαι·
539 3144 703 3220 πέμψαντας
719 3144 749 3201 δὲ
763 3147 790 3203 ἐς
804 3141 945 3217 Σπάρτην,

148 3231 312 3307 συμμαχίην
328 3255 361 3288 τε
380 3231 526 3290 ποιέεσθαι
547 3231 593 3288 καὶ
613 3230 795 3288 συντίθεσθαι
816 3227 851 3290 ὦς
863 3228 948 3306 χρεόν

146 3315 189 3392 εἴη
209 3314 309 3379 αύτούς
328 3319 379 3394 μὲν
399 3317 463 3379 τούς
482 3317 590 3380 Σκύθας
611 3317 686 3392 παραὶ
707 3319 799 3374 Φᾶσιν
821 3315 947 3391 ποταμόν
