<?xml version="1.0" encoding="UTF-8"?>
<!DOCTYPE html PUBLIC "-//W3C//DTD XHTML 1.0 Transitional//EN"
    "http://www.w3.org/TR/xhtml1/DTD/xhtml1-transitional.dtd">
<html xmlns="http://www.w3.org/1999/xhtml" xml:lang="en" lang="en">
 <head>
  <title>
</title>
<meta http-equiv="Content-Type" content="text/html;charset=utf-8" />
  <meta name='ocr-system' content='tesseract 3.04.00' />
  <meta name='ocr-capabilities' content='ocr_page ocr_carea ocr_par ocr_line ocrx_word'/>
</head>
<body>
  <div class='ocr_page' id='page_1' title='image "./herodotusrecens02blakgoog_0096.png"; bbox 0 0 2276 3538; ppageno 0'>
   <div class='ocr_carea' id='block_1_1' title="bbox 175 158 979 1638">
    <p class='ocr_par' dir='ltr' id='par_1_1' title="bbox 175 158 979 1638">
     <span class='ocr_line' id='line_1_1' title="bbox 178 158 977 222; baseline 0.004 -16"><span class='ocrx_word' id='word_1_1' title='bbox 178 160 209 206; x_wconf 81' lang='grc' dir='ltr'>οι</span> <span class='ocrx_word' id='word_1_2' title='bbox 491 160 673 209; x_wconf 70' lang='grc' dir='ltr'>Ἡνοιοτοι</span> <span class='ocrx_word' id='word_1_3' title='bbox 917 158 977 222; x_wconf 83' lang='lat' dir='ltr'>[vL</span> 
     </span>
     <span class='ocr_line' id='line_1_2' title="bbox 176 235 977 319; baseline 0.005 -25"><span class='ocrx_word' id='word_1_4' title='bbox 176 237 263 313; x_wconf 90' lang='grc' dir='ltr'>μένην</span> <span class='ocrx_word' id='word_1_5' title='bbox 281 235 297 295; x_wconf 87' lang='grc' dir='ltr'>ά</span> <span class='ocrx_word' id='word_1_6' title='bbox 315 235 460 312; x_wconf 84' lang='grc' dir='ltr'>Ἀρίστων,</span> <span class='ocrx_word' id='word_1_7' title='bbox 482 238 571 314; x_wconf 81' lang='grc' dir='ltr'>ἔμαθε</span> <span class='ocrx_word' id='word_1_8' title='bbox 586 237 621 302; x_wconf 72' lang='grc' dir='ltr'>ὥς</span> <span class='ocrx_word' id='word_1_9' title='bbox 640 239 715 300; x_wconf 82' lang='grc' dir='ltr'>θεῖον</span> <span class='ocrx_word' id='word_1_10' title='bbox 733 238 775 314; x_wconf 82' lang='grc' dir='ltr'>εἴη</span> <span class='ocrx_word' id='word_1_11' title='bbox 795 237 829 296; x_wconf 85' lang='grc' dir='ltr'>τὸ</span> <span class='ocrx_word' id='word_1_12' title='bbox 852 241 977 319; x_wconf 81' lang='grc' dir='ltr'>πρῆγμα.</span> 
     </span>
     <span class='ocr_line' id='line_1_3' title="bbox 178 324 979 402; baseline 0.007 -20"><span class='ocrx_word' id='word_1_13' title='bbox 178 324 223 382; x_wconf 88' lang='grc' dir='ltr'>καὶ</span> <span class='ocrx_word' id='word_1_14' title='bbox 243 327 393 401; x_wconf 78' lang='grc' dir='ltr'>τοῦτομὲν</span> <span class='ocrx_word' id='word_1_15' title='bbox 412 328 438 384; x_wconf 84' lang='grc' dir='ltr'>οἶ</span> <span class='ocrx_word' id='word_1_16' title='bbox 455 327 592 402; x_wconf 88' lang='grc' dir='ltr'>στέφανοι</span> <span class='ocrx_word' id='word_1_17' title='bbox 613 326 758 402; x_wconf 77' lang='grc' dir='ltr'>ἐφάνησαν</span> <span class='ocrx_word' id='word_1_18' title='bbox 775 325 864 389; x_wconf 86' lang='grc' dir='ltr'>ἐάντες</span> <span class='ocrx_word' id='word_1_19' title='bbox 881 332 911 386; x_wconf 84' lang='grc' dir='ltr'>ἐκ</span> <span class='ocrx_word' id='word_1_20' title='bbox 929 331 979 388; x_wconf 83' lang='grc' dir='ltr'>τοῦ</span> 
     </span>
     <span class='ocr_line' id='line_1_4' title="bbox 177 411 979 494; baseline 0.006 -24"><span class='ocrx_word' id='word_1_21' title='bbox 177 411 277 489; x_wconf 74' lang='grc' dir='ltr'>ἡρωίου</span> <span class='ocrx_word' id='word_1_22' title='bbox 291 417 340 472; x_wconf 82' lang='grc' dir='ltr'>τοῦ</span> <span class='ocrx_word' id='word_1_23' title='bbox 359 415 435 492; x_wconf 84' lang='grc' dir='ltr'>παρά</span> <span class='ocrx_word' id='word_1_24' title='bbox 448 419 517 494; x_wconf 78' lang='grc' dir='ltr'>τῇσι</span> <span class='ocrx_word' id='word_1_25' title='bbox 532 415 634 493; x_wconf 79' lang='grc' dir='ltr'>θύρῃσι</span> <span class='ocrx_word' id='word_1_26' title='bbox 647 419 715 492; x_wconf 83' lang='grc' dir='ltr'>τῇσι</span> <span class='ocrx_word' id='word_1_27' title='bbox 728 415 858 493; x_wconf 74' lang='grc' dir='ltr'>αὐλείῃσι</span> <span class='ocrx_word' id='word_1_28' title='bbox 873 415 979 492; x_wconf 82' lang='grc' dir='ltr'>ἱδρυμέ-</span> 
     </span>
     <span class='ocr_line' id='line_1_5' title="bbox 176 502 978 582; baseline 0.005 -21"><span class='ocrx_word' id='word_1_29' title='bbox 176 527 234 561; x_wconf 92' lang='grc' dir='ltr'>νου·</span> <span class='ocrx_word' id='word_1_30' title='bbox 250 502 294 582; x_wconf 79' lang='grc' dir='ltr'>(τά</span> <span class='ocrx_word' id='word_1_31' title='bbox 309 505 443 562; x_wconf 91' lang='grc' dir='ltr'>καλέουσι</span> <span class='ocrx_word' id='word_1_32' title='bbox 452 502 676 582; x_wconf 79' lang='grc' dir='ltr'>Ἀστραβάκου)</span> <span class='ocrx_word' id='word_1_33' title='bbox 689 507 772 562; x_wconf 84' lang='grc' dir='ltr'>τοῦτο</span> <span class='ocrx_word' id='word_1_34' title='bbox 786 502 855 562; x_wconf 83' lang='grc' dir='ltr'>δὲοὶ</span> <span class='ocrx_word' id='word_1_35' title='bbox 867 503 978 579; x_wconf 89' lang='grc' dir='ltr'>μάντιες</span> 
     </span>
     <span class='ocr_line' id='line_1_6' title="bbox 178 590 979 667; baseline 0 -17"><span class='ocrx_word' id='word_1_36' title='bbox 178 591 227 650; x_wconf 85' lang='grc' dir='ltr'>τάν</span> <span class='ocrx_word' id='word_1_37' title='bbox 244 590 327 650; x_wconf 74' lang='grc' dir='ltr'>αὐτὸν</span> <span class='ocrx_word' id='word_1_38' title='bbox 346 596 445 650; x_wconf 72' lang='grc' dir='ltr'>τοίτον</span> <span class='ocrx_word' id='word_1_39' title='bbox 463 591 539 667; x_wconf 83' lang='grc' dir='ltr'>ἥρωα</span> <span class='ocrx_word' id='word_1_40' title='bbox 553 591 679 667; x_wconf 74' lang='grc' dir='ltr'>ἀναίρεον</span> <span class='ocrx_word' id='word_1_41' title='bbox 694 591 771 650; x_wconf 82' lang='grc' dir='ltr'>εἶναι.</span> <span class='ocrx_word' id='word_1_42' title='bbox 814 590 885 650; x_wconf 79' lang='grc' dir='ltr'>οὕτω</span> <span class='ocrx_word' id='word_1_43' title='bbox 899 590 979 667; x_wconf 73' lang='grc' dir='ltr'>δη,ὦ</span> 
     </span>
     <span class='ocr_line' id='line_1_7' title="bbox 176 678 977 761; baseline 0 -23"><span class='ocrx_word' id='word_1_44' title='bbox 176 684 235 748; x_wconf 82' lang='grc' dir='ltr'>παῖ,</span> <span class='ocrx_word' id='word_1_45' title='bbox 251 681 321 756; x_wconf 81' lang='grc' dir='ltr'>ἔχεις</span> <span class='ocrx_word' id='word_1_46' title='bbox 337 683 393 737; x_wconf 80' lang='grc' dir='ltr'>πᾶν</span> <span class='ocrx_word' id='word_1_47' title='bbox 407 679 477 738; x_wconf 83' lang='grc' dir='ltr'>ὅσον</span> <span class='ocrx_word' id='word_1_48' title='bbox 490 705 517 738; x_wconf 90' lang='grc' dir='ltr'>τι</span> <span class='ocrx_word' id='word_1_49' title='bbox 531 679 576 738; x_wconf 87' lang='grc' dir='ltr'>καὶ</span> <span class='ocrx_word' id='word_1_50' title='bbox 588 678 709 754; x_wconf 82' lang='grc' dir='ltr'>βούλεαι</span> <span class='ocrx_word' id='word_1_51' title='bbox 722 681 871 738; x_wconf 85' lang='grc' dir='ltr'>πυθέσθαι·</span> <span class='ocrx_word' id='word_1_52' title='bbox 891 678 977 761; x_wconf 78' lang='grc' dir='ltr'>ἣγάρ</span> 
     </span>
     <span class='ocr_line' id='line_1_8' title="bbox 179 767 976 848; baseline 0.005 -24"><span class='ocrx_word' id='word_1_53' title='bbox 179 772 209 824; x_wconf 93' lang='grc' dir='ltr'>ἐκ</span> <span class='ocrx_word' id='word_1_54' title='bbox 222 771 272 826; x_wconf 81' lang='grc' dir='ltr'>τοῦ</span> <span class='ocrx_word' id='word_1_55' title='bbox 286 767 374 841; x_wconf 81' lang='grc' dir='ltr'>ἥρωος</span> <span class='ocrx_word' id='word_1_56' title='bbox 386 767 486 826; x_wconf 83' lang='grc' dir='ltr'>τούτου</span> <span class='ocrx_word' id='word_1_57' title='bbox 498 768 615 848; x_wconf 87' lang='grc' dir='ltr'>γέγονας</span> <span class='ocrx_word' id='word_1_58' title='bbox 625 768 674 825; x_wconf 91' lang='grc' dir='ltr'>καί</span> <span class='ocrx_word' id='word_1_59' title='bbox 681 794 725 826; x_wconf 92' lang='grc' dir='ltr'>τοι</span> <span class='ocrx_word' id='word_1_60' title='bbox 734 767 827 844; x_wconf 83' lang='grc' dir='ltr'>πατήρ</span> <span class='ocrx_word' id='word_1_61' title='bbox 838 772 900 827; x_wconf 92' lang='grc' dir='ltr'>ἐστι</span> <span class='ocrx_word' id='word_1_62' title='bbox 909 768 976 828; x_wconf 92' lang='grc' dir='ltr'>Ἀσ-</span> 
     </span>
     <span class='ocr_line' id='line_1_9' title="bbox 177 852 976 936; baseline 0.003 -24"><span class='ocrx_word' id='word_1_63' title='bbox 177 855 321 931; x_wconf 88' lang='grc' dir='ltr'>τράβακος</span> <span class='ocrx_word' id='word_1_64' title='bbox 337 853 353 912; x_wconf 82' lang='grc' dir='ltr'>ά</span> <span class='ocrx_word' id='word_1_65' title='bbox 372 854 451 930; x_wconf 85' lang='grc' dir='ltr'>ἥρως,</span> <span class='ocrx_word' id='word_1_66' title='bbox 471 852 489 930; x_wconf 84' lang='grc' dir='ltr'><em>ἢ</em></span> <span class='ocrx_word' id='word_1_67' title='bbox 505 854 651 931; x_wconf 91' lang='grc' dir='ltr'>Ἀρίστων·</span> <span class='ocrx_word' id='word_1_68' title='bbox 674 861 702 914; x_wconf 93' lang='grc' dir='ltr'>ἐν</span> <span class='ocrx_word' id='word_1_69' title='bbox 720 855 774 936; x_wconf 88' lang='grc' dir='ltr'>γάρ</span> <span class='ocrx_word' id='word_1_70' title='bbox 794 882 829 914; x_wconf 94' lang='grc' dir='ltr'>σε</span> <span class='ocrx_word' id='word_1_71' title='bbox 846 859 882 933; x_wconf 76' lang='grc' dir='ltr'>τῇ</span> <span class='ocrx_word' id='word_1_72' title='bbox 900 858 976 915; x_wconf 88' lang='grc' dir='ltr'>νυκτὶ</span> 
     </span>
     <span class='ocr_line' id='line_1_10' title="bbox 176 941 975 1022; baseline 0.001 -21"><span class='ocrx_word' id='word_1_73' title='bbox 176 944 263 1021; x_wconf 81' lang='grc' dir='ltr'>ταύτῃ</span> <span class='ocrx_word' id='word_1_74' title='bbox 278 941 450 1018; x_wconf 71' lang='grc' dir='ltr'>ἀναιρέομαι.</span> <span class='ocrx_word' id='word_1_75' title='bbox 484 944 565 1022; x_wconf 79' lang='grc' dir='ltr'>τῇδέ</span> <span class='ocrx_word' id='word_1_76' title='bbox 577 971 628 1002; x_wconf 89' lang='grc' dir='ltr'>σευ</span> <span class='ocrx_word' id='word_1_77' title='bbox 644 943 772 1020; x_wconf 89' lang='grc' dir='ltr'>μάλιστα</span> <span class='ocrx_word' id='word_1_78' title='bbox 790 943 975 1004; x_wconf 76' lang='grc' dir='ltr'>κατάπτονται</span> 
     </span>
     <span class='ocr_line' id='line_1_11' title="bbox 177 1031 975 1111; baseline 0.001 -23"><span class='ocrx_word' id='word_1_79' title='bbox 177 1034 203 1089; x_wconf 80' lang='grc' dir='ltr'>οἱ</span> <span class='ocrx_word' id='word_1_80' title='bbox 222 1031 326 1109; x_wconf 86' lang='grc' dir='ltr'>ἐχθροὶ,</span> <span class='ocrx_word' id='word_1_81' title='bbox 345 1031 475 1111; x_wconf 86' lang='grc' dir='ltr'>λέγοντες</span> <span class='ocrx_word' id='word_1_82' title='bbox 492 1031 527 1096; x_wconf 76' lang='grc' dir='ltr'>ὥς</span> <span class='ocrx_word' id='word_1_83' title='bbox 544 1032 626 1095; x_wconf 76' lang='grc' dir='ltr'>αὐτάς</span> <span class='ocrx_word' id='word_1_84' title='bbox 645 1031 660 1092; x_wconf 84' lang='grc' dir='ltr'>ά</span> <span class='ocrx_word' id='word_1_85' title='bbox 677 1031 821 1108; x_wconf 85' lang='grc' dir='ltr'>Ἀρίστων,</span> <span class='ocrx_word' id='word_1_86' title='bbox 836 1031 883 1091; x_wconf 84' lang='grc' dir='ltr'>ὅτε</span> <span class='ocrx_word' id='word_1_87' title='bbox 902 1031 975 1108; x_wconf 76' lang='grc' dir='ltr'>αὐτῷ</span> 
     </span>
     <span class='ocr_line' id='line_1_12' title="bbox 175 1117 974 1201; baseline -0.003 -23"><span class='ocrx_word' id='word_1_88' title='bbox 175 1119 213 1178; x_wconf 71' lang='grc' dir='ltr'>σι)</span> <span class='ocrx_word' id='word_1_89' title='bbox 240 1117 382 1200; x_wconf 80' lang='grc' dir='ltr'>ἠγγέλθης</span> <span class='ocrx_word' id='word_1_90' title='bbox 401 1121 607 1201; x_wconf 70' lang='grc' dir='ltr'>γεγεννημένος,</span> <span class='ocrx_word' id='word_1_91' title='bbox 629 1125 746 1180; x_wconf 82' lang='grc' dir='ltr'>πολλῶν</span> <span class='ocrx_word' id='word_1_92' title='bbox 766 1118 922 1180; x_wconf 89' lang='grc' dir='ltr'>άκουάντων</span> <span class='ocrx_word' id='word_1_93' title='bbox 943 1121 974 1180; x_wconf 71' lang='grc' dir='ltr'>οὐ</span> 
     </span>
     <span class='ocr_line' id='line_1_13' title="bbox 178 1207 975 1290; baseline 0.005 -24"><span class='ocrx_word' id='word_1_94' title='bbox 178 1207 281 1284; x_wconf 82' lang='grc' dir='ltr'>φήσειέ</span> <span class='ocrx_word' id='word_1_95' title='bbox 310 1235 344 1267; x_wconf 93' lang='grc' dir='ltr'>σε</span> <span class='ocrx_word' id='word_1_96' title='bbox 373 1211 473 1268; x_wconf 79' lang='grc' dir='ltr'>ἑωυτοῦ</span> <span class='ocrx_word' id='word_1_97' title='bbox 503 1209 580 1280; x_wconf 85' lang='grc' dir='ltr'>εἶναι,</span> <span class='ocrx_word' id='word_1_98' title='bbox 603 1209 662 1290; x_wconf 81' lang='grc' dir='ltr'>(τάν</span> <span class='ocrx_word' id='word_1_99' title='bbox 685 1208 787 1287; x_wconf 89' lang='grc' dir='ltr'>χρόνον</span> <span class='ocrx_word' id='word_1_100' title='bbox 816 1207 878 1288; x_wconf 84' lang='grc' dir='ltr'>γάρ,</span> <span class='ocrx_word' id='word_1_101' title='bbox 911 1209 975 1270; x_wconf 65' lang='grc' dir='ltr'>τούς</span> 
     </span>
     <span class='ocr_line' id='line_1_14' title="bbox 176 1296 975 1376; baseline -0.003 -20"><span class='ocrx_word' id='word_1_102' title='bbox 176 1296 242 1356; x_wconf 87' lang='grc' dir='ltr'>δέκα</span> <span class='ocrx_word' id='word_1_103' title='bbox 260 1301 357 1374; x_wconf 82' lang='grc' dir='ltr'>μῆνας,</span> <span class='ocrx_word' id='word_1_104' title='bbox 377 1297 441 1356; x_wconf 74' lang='grc' dir='ltr'>οὐδέ</span> <span class='ocrx_word' id='word_1_105' title='bbox 459 1325 497 1356; x_wconf 91' lang='grc' dir='ltr'>κω</span> <span class='ocrx_word' id='word_1_106' title='bbox 516 1298 641 1376; x_wconf 69' lang='grc' dir='ltr'>ἐξήκειν,)</span> <span class='ocrx_word' id='word_1_107' title='bbox 656 1297 765 1374; x_wconf 82' lang='grc' dir='ltr'>άῖδρηΐῃ</span> <span class='ocrx_word' id='word_1_108' title='bbox 778 1296 975 1356; x_wconf 78' lang='grc' dir='ltr'>τῶντοιούτων</span> 
     </span>
     <span class='ocr_line' id='line_1_15' title="bbox 177 1383 975 1462; baseline 0 -18"><span class='ocrx_word' id='word_1_109' title='bbox 177 1390 264 1448; x_wconf 86' lang='grc' dir='ltr'>κεῖνος</span> <span class='ocrx_word' id='word_1_110' title='bbox 276 1391 360 1445; x_wconf 83' lang='grc' dir='ltr'>τοῦτο</span> <span class='ocrx_word' id='word_1_111' title='bbox 373 1384 508 1462; x_wconf 79' lang='grc' dir='ltr'>ἀπέρριψε</span> <span class='ocrx_word' id='word_1_112' title='bbox 518 1386 551 1446; x_wconf 81' lang='grc' dir='ltr'>τά</span> <span class='ocrx_word' id='word_1_113' title='bbox 562 1387 636 1448; x_wconf 90' lang='grc' dir='ltr'>ἔπος·</span> <span class='ocrx_word' id='word_1_114' title='bbox 650 1385 775 1444; x_wconf 89' lang='grc' dir='ltr'>τίκτουσι</span> <span class='ocrx_word' id='word_1_115' title='bbox 784 1383 839 1462; x_wconf 86' lang='grc' dir='ltr'>γάρ</span> <span class='ocrx_word' id='word_1_116' title='bbox 849 1388 975 1460; x_wconf 87' lang='grc' dir='ltr'>γυναῖκες</span> 
     </span>
     <span class='ocr_line' id='line_1_16' title="bbox 177 1468 974 1549; baseline -0.004 -18"><span class='ocrx_word' id='word_1_117' title='bbox 177 1474 223 1531; x_wconf 86' lang='grc' dir='ltr'>καὶ</span> <span class='ocrx_word' id='word_1_118' title='bbox 248 1473 398 1549; x_wconf 78' lang='grc' dir='ltr'>ἐννεάμηνα</span> <span class='ocrx_word' id='word_1_119' title='bbox 425 1474 470 1531; x_wconf 85' lang='grc' dir='ltr'>καὶ</span> <span class='ocrx_word' id='word_1_120' title='bbox 494 1472 646 1548; x_wconf 80' lang='grc' dir='ltr'>ἑπτάμηνα,</span> <span class='ocrx_word' id='word_1_121' title='bbox 672 1472 718 1528; x_wconf 85' lang='grc' dir='ltr'>καὶ</span> <span class='ocrx_word' id='word_1_122' title='bbox 740 1468 772 1528; x_wconf 81' lang='lat' dir='ltr'>ov&#39;</span> <span class='ocrx_word' id='word_1_123' title='bbox 794 1473 885 1526; x_wconf 77' lang='grc' dir='ltr'>πᾶσαι</span> <span class='ocrx_word' id='word_1_124' title='bbox 909 1469 974 1528; x_wconf 83' lang='grc' dir='ltr'>δέκα</span> 
     </span>
     <span class='ocr_line' id='line_1_17' title="bbox 176 1553 974 1638; baseline -0.001 -20"><span class='ocrx_word' id='word_1_125' title='bbox 176 1565 266 1636; x_wconf 81' lang='grc' dir='ltr'>μῆνας</span> <span class='ocrx_word' id='word_1_126' title='bbox 290 1560 486 1619; x_wconf 79' lang='grc' dir='ltr'>ἐκτελέσασαι·</span> <span class='ocrx_word' id='word_1_127' title='bbox 508 1559 562 1638; x_wconf 78' lang='grc' dir='ltr'>ἐγιδ</span> <span class='ocrx_word' id='word_1_128' title='bbox 578 1560 607 1617; x_wconf 87' lang='grc' dir='ltr'>δέ</span> <span class='ocrx_word' id='word_1_129' title='bbox 629 1561 672 1626; x_wconf 79' lang='grc' dir='ltr'>σὲ,</span> <span class='ocrx_word' id='word_1_130' title='bbox 695 1555 715 1614; x_wconf 82' lang='grc' dir='ltr'><strong><em>ὦ</em></strong></span> <span class='ocrx_word' id='word_1_131' title='bbox 736 1559 796 1625; x_wconf 81' lang='grc' dir='ltr'>παῖ,</span> <span class='ocrx_word' id='word_1_132' title='bbox 816 1553 974 1632; x_wconf 75' lang='grc' dir='ltr'>ἑπτάμηνον</span> 
     </span>
    </p>
   </div>
   <div class='ocr_carea' id='block_1_2' title="bbox 389 1644 592 1669">
    <p class='ocr_par' dir='ltr' id='par_1_2' title="bbox 389 1644 592 1669">
     <span class='ocr_line' id='line_1_18' title="bbox 389 1644 592 1669; baseline 0.005 -6"><span class='ocrx_word' id='word_1_133' title='bbox 389 1644 592 1669; x_wconf 50' lang='grc' dir='ltr'>χχὶΝΗ</span> 
     </span>
    </p>
   </div>
   <div class='ocr_carea' id='block_1_3' title="bbox 129 1643 977 3400">
    <p class='ocr_par' dir='ltr' id='par_1_3' title="bbox 129 1643 977 3400">
     <span class='ocr_line' id='line_1_19' title="bbox 177 1643 974 1727; baseline 0.001 -22"><span class='ocrx_word' id='word_1_134' title='bbox 177 1648 278 1706; x_wconf 81' lang='grc' dir='ltr'>ἔτεκον·</span> <span class='ocrx_word' id='word_1_135' title='bbox 292 1648 360 1727; x_wconf 85' lang='grc' dir='ltr'>ἔγνω</span> <span class='ocrx_word' id='word_1_136' title='bbox 371 1647 400 1706; x_wconf 88' lang='grc' dir='ltr'>δε</span> <span class='ocrx_word' id='word_1_137' title='bbox 411 1673 457 1704; x_wconf 90' lang='grc' dir='ltr'>και</span> <span class='ocrx_word' id='word_1_138' title='bbox 467 1671 549 1708; x_wconf 85' lang='grc' dir='ltr'>ουτος</span> <span class='ocrx_word' id='word_1_139' title='bbox 559 1673 574 1704; x_wconf 94' lang='grc' dir='ltr'>ο</span> <span class='ocrx_word' id='word_1_140' title='bbox 594 1647 722 1722; x_wconf 88' lang='grc' dir='ltr'>Αρίστων</span> <span class='ocrx_word' id='word_1_141' title='bbox 736 1643 768 1703; x_wconf 74' lang='grc' dir='ltr'>οὗ</span> <span class='ocrx_word' id='word_1_142' title='bbox 781 1643 853 1720; x_wconf 85' lang='grc' dir='ltr'>μετά</span> <span class='ocrx_word' id='word_1_143' title='bbox 863 1645 974 1706; x_wconf 83' lang='grc' dir='ltr'>πολλάν</span> 
     </span>
     <span class='ocr_line' id='line_1_20' title="bbox 175 1731 973 1813; baseline -0.001 -20"><span class='ocrx_word' id='word_1_144' title='bbox 175 1734 285 1812; x_wconf 84' lang='grc' dir='ltr'>χρόνον,</span> <span class='ocrx_word' id='word_1_145' title='bbox 301 1734 336 1797; x_wconf 67' lang='grc' dir='ltr'>οἷς</span> <span class='ocrx_word' id='word_1_146' title='bbox 348 1733 427 1812; x_wconf 84' lang='grc' dir='ltr'>άνοίη</span> <span class='ocrx_word' id='word_1_147' title='bbox 440 1732 472 1793; x_wconf 79' lang='grc' dir='ltr'>τά</span> <span class='ocrx_word' id='word_1_148' title='bbox 488 1734 552 1797; x_wconf 85' lang='grc' dir='ltr'>ἔπος</span> <span class='ocrx_word' id='word_1_149' title='bbox 571 1733 691 1810; x_wconf 80' lang='grc' dir='ltr'>ἐκβάλοι</span> <span class='ocrx_word' id='word_1_150' title='bbox 706 1737 798 1793; x_wconf 82' lang='grc' dir='ltr'>τοῦτο.</span> <span class='ocrx_word' id='word_1_151' title='bbox 828 1731 931 1813; x_wconf 84' lang='grc' dir='ltr'>λόγους</span> <span class='ocrx_word' id='word_1_152' title='bbox 944 1735 973 1792; x_wconf 83' lang='grc' dir='ltr'>δὲ</span> 
     </span>
     <span class='ocr_line' id='line_1_21' title="bbox 177 1821 973 1902; baseline 0.003 -22"><span class='ocrx_word' id='word_1_153' title='bbox 177 1821 282 1884; x_wconf 78' lang='grc' dir='ltr'>ἄλλους</span> <span class='ocrx_word' id='word_1_154' title='bbox 295 1823 358 1899; x_wconf 88' lang='grc' dir='ltr'>περὶ</span> <span class='ocrx_word' id='word_1_155' title='bbox 371 1821 496 1902; x_wconf 90' lang='grc' dir='ltr'>γενέσιος</span> <span class='ocrx_word' id='word_1_156' title='bbox 509 1826 559 1897; x_wconf 79' lang='grc' dir='ltr'>τῆς</span> <span class='ocrx_word' id='word_1_157' title='bbox 572 1827 694 1881; x_wconf 86' lang='grc' dir='ltr'>σεωυτοῦ</span> <span class='ocrx_word' id='word_1_158' title='bbox 708 1821 747 1898; x_wconf 76' lang='grc' dir='ltr'>μη</span> <span class='ocrx_word' id='word_1_159' title='bbox 762 1821 850 1881; x_wconf 89' lang='grc' dir='ltr'>δέκεο·</span> <span class='ocrx_word' id='word_1_160' title='bbox 871 1821 906 1880; x_wconf 85' lang='grc' dir='ltr'>τά</span> <span class='ocrx_word' id='word_1_161' title='bbox 919 1823 973 1902; x_wconf 85' lang='grc' dir='ltr'>γάρ</span> 
     </span>
     <span class='ocr_line' id='line_1_22' title="bbox 176 1909 974 1988; baseline 0 -20"><span class='ocrx_word' id='word_1_162' title='bbox 176 1909 358 1984; x_wconf 72' lang='grc' dir='ltr'>ἀληθέστατα</span> <span class='ocrx_word' id='word_1_163' title='bbox 371 1910 462 1970; x_wconf 89' lang='grc' dir='ltr'>πάντα</span> <span class='ocrx_word' id='word_1_164' title='bbox 476 1909 605 1986; x_wconf 85' lang='grc' dir='ltr'>άκήκοας.</span> <span class='ocrx_word' id='word_1_165' title='bbox 637 1916 667 1969; x_wconf 92' lang='grc' dir='ltr'>ἐκ</span> <span class='ocrx_word' id='word_1_166' title='bbox 681 1913 710 1970; x_wconf 85' lang='grc' dir='ltr'>δέ</span> <span class='ocrx_word' id='word_1_167' title='bbox 723 1911 891 1988; x_wconf 81' lang='grc' dir='ltr'>ὀνοφορβῶν</span> <span class='ocrx_word' id='word_1_168' title='bbox 901 1909 974 1988; x_wconf 75' lang='grc' dir='ltr'>αὐτῷ</span> 
     </span>
     <span class='ocr_line' id='line_1_23' title="bbox 177 1999 974 2081; baseline 0.001 -24"><span class='ocrx_word' id='word_1_169' title='bbox 177 2025 208 2058; x_wconf 93' lang='grc' dir='ltr'>τε</span> <span class='ocrx_word' id='word_1_170' title='bbox 228 2000 383 2079; x_wconf 81' lang='grc' dir='ltr'>Λευτυχίδῃ</span> <span class='ocrx_word' id='word_1_171' title='bbox 405 1999 451 2058; x_wconf 83' lang='grc' dir='ltr'>καὶ</span> <span class='ocrx_word' id='word_1_172' title='bbox 471 2003 548 2060; x_wconf 84' lang='grc' dir='ltr'>τοῖσι</span> <span class='ocrx_word' id='word_1_173' title='bbox 567 2004 655 2060; x_wconf 81' lang='grc' dir='ltr'>ταῦτα</span> <span class='ocrx_word' id='word_1_174' title='bbox 675 2001 792 2081; x_wconf 90' lang='grc' dir='ltr'>λέγουσι</span> <span class='ocrx_word' id='word_1_175' title='bbox 807 2001 925 2060; x_wconf 89' lang='grc' dir='ltr'>τίκτοιεν</span> <span class='ocrx_word' id='word_1_176' title='bbox 945 2002 974 2058; x_wconf 85' lang='grc' dir='ltr'>αἱ</span> 
     </span>
     <span class='ocr_line' id='line_1_24' title="bbox 129 2086 974 2168; baseline -0.002 -20"><span class='ocrx_word' id='word_1_177' title='bbox 129 2091 167 2148; x_wconf 75' lang='grc'>70</span> <span class='ocrx_word' id='word_1_178' title='bbox 176 2093 302 2168; x_wconf 83' lang='grc' dir='ltr'>γυναῖκες</span> <span class='ocrx_word' id='word_1_179' title='bbox 319 2088 445 2152; x_wconf 79' lang='grc' dir='ltr'>παῖδας.”</span> <span class='ocrx_word' id='word_1_180' title='bbox 484 2089 521 2147; x_wconf 90' lang='grc' dir='ltr'>Ἡ</span> <span class='ocrx_word' id='word_1_181' title='bbox 544 2092 595 2165; x_wconf 81' lang='grc' dir='ltr'>μὲν</span> <span class='ocrx_word' id='word_1_182' title='bbox 619 2089 653 2164; x_wconf 75' lang='grc' dir='ltr'>δή</span> <span class='ocrx_word' id='word_1_183' title='bbox 674 2094 760 2148; x_wconf 81' lang='grc' dir='ltr'>ταῦτα</span> <span class='ocrx_word' id='word_1_184' title='bbox 787 2090 876 2168; x_wconf 87' lang='grc' dir='ltr'>ἔλεγε·</span> <span class='ocrx_word' id='word_1_185' title='bbox 908 2086 924 2147; x_wconf 81' lang='grc' dir='ltr'>ὁ</span> <span class='ocrx_word' id='word_1_186' title='bbox 945 2087 974 2146; x_wconf 86' lang='grc' dir='ltr'>δέ</span> 
     </span>
     <span class='ocr_line' id='line_1_25' title="bbox 176 2176 974 2254; baseline -0.004 -17"><span class='ocrx_word' id='word_1_187' title='bbox 176 2177 331 2254; x_wconf 85' lang='grc' dir='ltr'>πυθόμενός</span> <span class='ocrx_word' id='word_1_188' title='bbox 349 2204 379 2238; x_wconf 90' lang='grc' dir='ltr'>τε</span> <span class='ocrx_word' id='word_1_189' title='bbox 399 2177 435 2238; x_wconf 81' lang='grc' dir='ltr'>τά</span> <span class='ocrx_word' id='word_1_190' title='bbox 456 2177 592 2254; x_wconf 80' lang='grc' dir='ltr'>ἐβούλετο</span> <span class='ocrx_word' id='word_1_191' title='bbox 611 2178 656 2236; x_wconf 88' lang='grc' dir='ltr'>καὶ</span> <span class='ocrx_word' id='word_1_192' title='bbox 675 2177 771 2236; x_wconf 86' lang='grc' dir='ltr'>ἐπόδια</span> <span class='ocrx_word' id='word_1_193' title='bbox 788 2176 896 2252; x_wconf 72' lang='grc' dir='ltr'>λαβὼν,</span> <span class='ocrx_word' id='word_1_194' title='bbox 912 2181 974 2235; x_wconf 87' lang='grc' dir='ltr'>ἔπο-</span> 
     </span>
     <span class='ocr_line' id='line_1_26' title="bbox 177 2263 973 2348; baseline -0.004 -23"><span class='ocrx_word' id='word_1_195' title='bbox 177 2267 273 2343; x_wconf 83' lang='grc' dir='ltr'>ρεύετο</span> <span class='ocrx_word' id='word_1_196' title='bbox 288 2267 411 2330; x_wconf 83' lang='grc' dir='ltr'>ἐςἨλιν</span> <span class='ocrx_word' id='word_1_197' title='bbox 421 2272 459 2346; x_wconf 80' lang='grc' dir='ltr'>τῷ</span> <span class='ocrx_word' id='word_1_198' title='bbox 472 2267 556 2348; x_wconf 84' lang='grc' dir='ltr'>λόγῳ,</span> <span class='ocrx_word' id='word_1_199' title='bbox 571 2267 628 2342; x_wconf 81' lang='grc' dir='ltr'>φάς</span> <span class='ocrx_word' id='word_1_200' title='bbox 641 2265 676 2328; x_wconf 70' lang='grc' dir='ltr'>οἷς</span> <span class='ocrx_word' id='word_1_201' title='bbox 687 2271 714 2328; x_wconf 85' lang='grc' dir='ltr'>ἐς</span> <span class='ocrx_word' id='word_1_202' title='bbox 729 2265 860 2340; x_wconf 77' lang='grc' dir='ltr'>Δελφούς</span> <span class='ocrx_word' id='word_1_203' title='bbox 870 2263 973 2342; x_wconf 85' lang='grc' dir='ltr'>χρησό-</span> 
     </span>
     <span class='ocr_line' id='line_1_27' title="bbox 177 2352 973 2434; baseline -0.003 -22"><span class='ocrx_word' id='word_1_204' title='bbox 177 2381 259 2431; x_wconf 91' lang='grc' dir='ltr'>μενος</span> <span class='ocrx_word' id='word_1_205' title='bbox 267 2360 304 2433; x_wconf 78' lang='grc' dir='ltr'>τῷ</span> <span class='ocrx_word' id='word_1_206' title='bbox 310 2357 471 2434; x_wconf 84' lang='grc' dir='ltr'>χρηστηρίῳ</span> <span class='ocrx_word' id='word_1_207' title='bbox 480 2354 633 2430; x_wconf 79' lang='grc' dir='ltr'>πορεύεται.</span> <span class='ocrx_word' id='word_1_208' title='bbox 648 2354 862 2429; x_wconf 88' lang='grc' dir='ltr'>Λακεδαιμόνιοι</span> <span class='ocrx_word' id='word_1_209' title='bbox 870 2353 898 2411; x_wconf 83' lang='grc' dir='ltr'>δὲ</span> <span class='ocrx_word' id='word_1_210' title='bbox 908 2352 973 2411; x_wconf 74' lang='grc' dir='ltr'>ὕπο-</span> 
     </span>
     <span class='ocr_line' id='line_1_28' title="bbox 176 2441 973 2519; baseline -0.003 -19"><span class='ocrx_word' id='word_1_211' title='bbox 176 2443 342 2517; x_wconf 85' lang='grc' dir='ltr'>τοπηθέντες</span> <span class='ocrx_word' id='word_1_212' title='bbox 357 2443 526 2518; x_wconf 88' lang='grc' dir='ltr'>Δημάρητον</span> <span class='ocrx_word' id='word_1_213' title='bbox 544 2442 660 2519; x_wconf 78' lang='grc' dir='ltr'>δρησμῷ</span> <span class='ocrx_word' id='word_1_214' title='bbox 673 2441 842 2519; x_wconf 88' lang='grc' dir='ltr'>ἐπιχειρέειν,</span> <span class='ocrx_word' id='word_1_215' title='bbox 854 2441 973 2498; x_wconf 85' lang='grc' dir='ltr'>ἐδίωκον·</span> 
     </span>
     <span class='ocr_line' id='line_1_29' title="bbox 178 2527 974 2604; baseline -0.004 -17"><span class='ocrx_word' id='word_1_216' title='bbox 178 2531 226 2587; x_wconf 87' lang='grc' dir='ltr'>καί</span> <span class='ocrx_word' id='word_1_217' title='bbox 240 2556 291 2591; x_wconf 89' lang='grc' dir='ltr'>κως</span> <span class='ocrx_word' id='word_1_218' title='bbox 308 2531 380 2604; x_wconf 88' lang='grc' dir='ltr'>ἔφθη</span> <span class='ocrx_word' id='word_1_219' title='bbox 400 2535 427 2590; x_wconf 89' lang='grc' dir='ltr'>ἐς</span> <span class='ocrx_word' id='word_1_220' title='bbox 446 2529 586 2587; x_wconf 85' lang='grc' dir='ltr'>Ζάκυνθον</span> <span class='ocrx_word' id='word_1_221' title='bbox 605 2529 706 2602; x_wconf 82' lang='grc' dir='ltr'>διαβάς</span> <span class='ocrx_word' id='word_1_222' title='bbox 722 2527 737 2586; x_wconf 82' lang='grc' dir='ltr'><strong><em>ὁ</em></strong></span> <span class='ocrx_word' id='word_1_223' title='bbox 759 2527 927 2602; x_wconf 87' lang='grc' dir='ltr'>Δημάρητος</span> <span class='ocrx_word' id='word_1_224' title='bbox 945 2532 974 2584; x_wconf 86' lang='grc' dir='ltr'>ἐκ</span> 
     </span>
     <span class='ocr_line' id='line_1_30' title="bbox 179 2611 974 2691; baseline -0.011 -15"><span class='ocrx_word' id='word_1_225' title='bbox 179 2616 361 2691; x_wconf 84' lang='grc' dir='ltr'>τῆςἯλιδος·</span> <span class='ocrx_word' id='word_1_226' title='bbox 373 2614 563 2690; x_wconf 87' lang='grc' dir='ltr'>ἐπιδιαβάντες</span> <span class='ocrx_word' id='word_1_227' title='bbox 578 2615 606 2672; x_wconf 87' lang='grc' dir='ltr'>δὲ</span> <span class='ocrx_word' id='word_1_228' title='bbox 621 2618 647 2672; x_wconf 81' lang='grc' dir='ltr'>οἱ</span> <span class='ocrx_word' id='word_1_229' title='bbox 658 2613 878 2688; x_wconf 87' lang='grc' dir='ltr'>Λακεδαιμόνιοι,</span> <span class='ocrx_word' id='word_1_230' title='bbox 889 2611 974 2668; x_wconf 78' lang='grc' dir='ltr'>αὐτοῦ</span> 
     </span>
     <span class='ocr_line' id='line_1_31' title="bbox 179 2698 973 2778; baseline -0.009 -16"><span class='ocrx_word' id='word_1_231' title='bbox 179 2729 209 2762; x_wconf 85' lang='grc' dir='ltr'>τε</span> <span class='ocrx_word' id='word_1_232' title='bbox 222 2702 342 2762; x_wconf 83' lang='grc' dir='ltr'>ἅπτοντο</span> <span class='ocrx_word' id='word_1_233' title='bbox 364 2704 409 2760; x_wconf 87' lang='grc' dir='ltr'>καὶ</span> <span class='ocrx_word' id='word_1_234' title='bbox 426 2701 490 2763; x_wconf 73' lang='grc' dir='ltr'>τούς</span> <span class='ocrx_word' id='word_1_235' title='bbox 507 2701 677 2778; x_wconf 88' lang='grc' dir='ltr'>θεράποντας</span> <span class='ocrx_word' id='word_1_236' title='bbox 694 2700 778 2759; x_wconf 76' lang='grc' dir='ltr'>αὐτὰν</span> <span class='ocrx_word' id='word_1_237' title='bbox 799 2698 973 2774; x_wconf 88' lang='grc' dir='ltr'>άπαιρέοντο·</span> 
     </span>
     <span class='ocr_line' id='line_1_32' title="bbox 177 2786 973 2870; baseline -0.005 -21"><span class='ocrx_word' id='word_1_238' title='bbox 177 2790 248 2867; x_wconf 82' lang='grc' dir='ltr'>μετά</span> <span class='ocrx_word' id='word_1_239' title='bbox 267 2791 304 2860; x_wconf 80' lang='grc' dir='ltr'>δὲ,</span> <span class='ocrx_word' id='word_1_240' title='bbox 319 2789 350 2848; x_wconf 76' lang='grc' dir='ltr'>οὔ</span> <span class='ocrx_word' id='word_1_241' title='bbox 364 2790 418 2870; x_wconf 83' lang='grc' dir='ltr'>γάρ</span> <span class='ocrx_word' id='word_1_242' title='bbox 439 2789 597 2859; x_wconf 80' lang='grc' dir='ltr'>ἐξεδίδοσαν</span> <span class='ocrx_word' id='word_1_243' title='bbox 613 2788 697 2848; x_wconf 77' lang='grc' dir='ltr'>αὐτὰν</span> <span class='ocrx_word' id='word_1_244' title='bbox 714 2791 739 2846; x_wconf 88' lang='grc' dir='ltr'>οἱ</span> <span class='ocrx_word' id='word_1_245' title='bbox 759 2786 912 2856; x_wconf 81' lang='grc' dir='ltr'>Ζακύνθιοι,</span> <span class='ocrx_word' id='word_1_246' title='bbox 935 2790 973 2845; x_wconf 89' lang='grc' dir='ltr'>ἔν-</span> 
     </span>
     <span class='ocr_line' id='line_1_33' title="bbox 179 2875 974 2954; baseline -0.006 -15"><span class='ocrx_word' id='word_1_247' title='bbox 179 2881 273 2939; x_wconf 81' lang='grc' dir='ltr'>θεῦτεν</span> <span class='ocrx_word' id='word_1_248' title='bbox 281 2880 418 2954; x_wconf 89' lang='grc' dir='ltr'>διαβαίνει</span> <span class='ocrx_word' id='word_1_249' title='bbox 427 2885 453 2941; x_wconf 90' lang='grc' dir='ltr'>ἐς</span> <span class='ocrx_word' id='word_1_250' title='bbox 461 2877 618 2953; x_wconf 78' lang='grc' dir='ltr'>τήνἈσίην</span> <span class='ocrx_word' id='word_1_251' title='bbox 627 2876 703 2953; x_wconf 84' lang='grc' dir='ltr'>παρά</span> <span class='ocrx_word' id='word_1_252' title='bbox 710 2875 837 2952; x_wconf 87' lang='grc' dir='ltr'>βασιλέα</span> <span class='ocrx_word' id='word_1_253' title='bbox 846 2878 974 2950; x_wconf 86' lang='grc' dir='ltr'>Δαρεῖον·</span> 
     </span>
     <span class='ocr_line' id='line_1_34' title="bbox 178 2965 975 3047; baseline -0.008 -19"><span class='ocrx_word' id='word_1_254' title='bbox 178 2968 237 3028; x_wconf 85' lang='grc' dir='ltr'>ὁδέ</span> <span class='ocrx_word' id='word_1_255' title='bbox 251 2968 400 3038; x_wconf 72' lang='grc' dir='ltr'>ὑπεδέξατό</span> <span class='ocrx_word' id='word_1_256' title='bbox 413 2995 443 3026; x_wconf 93' lang='grc' dir='ltr'>τε</span> <span class='ocrx_word' id='word_1_257' title='bbox 457 2966 540 3026; x_wconf 78' lang='grc' dir='ltr'>αὐτὸν</span> <span class='ocrx_word' id='word_1_258' title='bbox 558 2967 728 3047; x_wconf 83' lang='grc' dir='ltr'>μεγαλωστὶ,</span> <span class='ocrx_word' id='word_1_259' title='bbox 748 2966 793 3024; x_wconf 82' lang='grc' dir='ltr'>καὶ</span> <span class='ocrx_word' id='word_1_260' title='bbox 812 2969 866 3046; x_wconf 80' lang='grc' dir='ltr'>γῆν</span> <span class='ocrx_word' id='word_1_261' title='bbox 882 2991 913 3024; x_wconf 91' lang='grc' dir='ltr'>τε</span> <span class='ocrx_word' id='word_1_262' title='bbox 931 2965 975 3024; x_wconf 86' lang='grc' dir='ltr'>καὶ</span> 
     </span>
     <span class='ocr_line' id='line_1_35' title="bbox 177 3053 976 3131; baseline -0.001 -14"><span class='ocrx_word' id='word_1_263' title='bbox 177 3059 260 3122; x_wconf 89' lang='grc' dir='ltr'>πόλις</span> <span class='ocrx_word' id='word_1_264' title='bbox 274 3058 362 3117; x_wconf 83' lang='grc' dir='ltr'>ἔδωκε.</span> <span class='ocrx_word' id='word_1_265' title='bbox 383 3055 452 3116; x_wconf 82' lang='grc' dir='ltr'>οὕτω</span> <span class='ocrx_word' id='word_1_266' title='bbox 463 3055 576 3115; x_wconf 86' lang='grc' dir='ltr'>α’πίκετο</span> <span class='ocrx_word' id='word_1_267' title='bbox 591 3059 617 3118; x_wconf 87' lang='grc' dir='ltr'>ἐς</span> <span class='ocrx_word' id='word_1_268' title='bbox 630 3053 681 3130; x_wconf 79' lang='grc' dir='ltr'>τὴν</span> <span class='ocrx_word' id='word_1_269' title='bbox 694 3053 794 3131; x_wconf 90' lang='grc' dir='ltr'>Ἀσίην</span> <span class='ocrx_word' id='word_1_270' title='bbox 809 3055 976 3131; x_wconf 86' lang='grc' dir='ltr'>Δημάρητος</span> 
     </span>
     <span class='ocr_line' id='line_1_36' title="bbox 179 3142 974 3225; baseline -0.008 -19"><span class='ocrx_word' id='word_1_271' title='bbox 179 3147 224 3206; x_wconf 87' lang='grc' dir='ltr'>καὶ</span> <span class='ocrx_word' id='word_1_272' title='bbox 244 3147 357 3225; x_wconf 77' lang='grc' dir='ltr'>τοιαύτῃ</span> <span class='ocrx_word' id='word_1_273' title='bbox 377 3145 555 3225; x_wconf 89' lang='grc' dir='ltr'>χρησάμενος</span> <span class='ocrx_word' id='word_1_274' title='bbox 570 3143 649 3223; x_wconf 78' lang='grc' dir='ltr'>τύχῃ,</span> <span class='ocrx_word' id='word_1_275' title='bbox 668 3142 745 3203; x_wconf 78' lang='grc' dir='ltr'>ἄλλα</span> <span class='ocrx_word' id='word_1_276' title='bbox 761 3171 792 3204; x_wconf 91' lang='grc' dir='ltr'>τε</span> <span class='ocrx_word' id='word_1_277' title='bbox 805 3144 974 3217; x_wconf 84' lang='grc' dir='ltr'>Δακεδαιμο-</span> 
     </span>
     <span class='ocr_line' id='line_1_37' title="bbox 178 3230 975 3316; baseline -0.01 -21"><span class='ocrx_word' id='word_1_278' title='bbox 178 3237 263 3296; x_wconf 90' lang='grc' dir='ltr'>νίοισι</span> <span class='ocrx_word' id='word_1_279' title='bbox 272 3235 364 3315; x_wconf 79' lang='grc' dir='ltr'>συχνά</span> <span class='ocrx_word' id='word_1_280' title='bbox 373 3235 482 3316; x_wconf 87' lang='grc' dir='ltr'>ἔργοισί</span> <span class='ocrx_word' id='word_1_281' title='bbox 488 3259 518 3293; x_wconf 92' lang='grc' dir='ltr'>τε</span> <span class='ocrx_word' id='word_1_282' title='bbox 529 3234 575 3292; x_wconf 86' lang='grc' dir='ltr'>καὶ</span> <span class='ocrx_word' id='word_1_283' title='bbox 582 3233 712 3315; x_wconf 77' lang='grc' dir='ltr'>γνώμῃσι</span> <span class='ocrx_word' id='word_1_284' title='bbox 722 3230 975 3310; x_wconf 88' lang='grc' dir='ltr'>άπολαμπρυνθεὶς,</span> 
     </span>
     <span class='ocr_line' id='line_1_38' title="bbox 179 3318 977 3400; baseline -0.006 -18"><span class='ocrx_word' id='word_1_285' title='bbox 179 3329 208 3382; x_wconf 86' lang='grc' dir='ltr'>ἐν</span> <span class='ocrx_word' id='word_1_286' title='bbox 226 3325 255 3382; x_wconf 85' lang='grc' dir='ltr'>δὲ</span> <span class='ocrx_word' id='word_1_287' title='bbox 272 3324 306 3399; x_wconf 75' lang='grc' dir='ltr'>δή</span> <span class='ocrx_word' id='word_1_288' title='bbox 325 3324 368 3382; x_wconf 66' lang='grc' dir='ltr'>καῖ</span> <span class='ocrx_word' id='word_1_289' title='bbox 382 3321 561 3398; x_wconf 84' lang='grc' dir='ltr'>Ὀλυμπιάδα</span> <span class='ocrx_word' id='word_1_290' title='bbox 580 3329 636 3400; x_wconf 92' lang='grc' dir='ltr'>σφι</span> <span class='ocrx_word' id='word_1_291' title='bbox 652 3321 818 3400; x_wconf 78' lang='grc' dir='ltr'>ἀνελόμενος</span> <span class='ocrx_word' id='word_1_292' title='bbox 834 3318 977 3398; x_wconf 70' lang='grc' dir='ltr'>τεθρίππῳ</span> 
     </span>
    </p>
   </div>
   <div class='ocr_carea' id='block_1_4' title="bbox 0 0 1142 3538">
    <p class='ocr_par' dir='ltr' id='par_1_4' title="bbox 0 0 1142 3538">
     <span class='ocr_line' id='line_1_39' title="bbox 0 0 1142 3538; baseline 0 0"><span class='ocrx_word' id='word_1_293' title='bbox 0 0 1142 3538; x_wconf 95' lang='lat' dir='ltr'> </span> 
     </span>
    </p>
   </div>
  </div>
 </body>
</html>
