2268 3536
141 205 248 268 ιιι-ιι]
436 203 638 251 τιναικονιι.
911 202 943 252 23

139 283 245 359 μένεος,
273 285 425 360 προέβαινε
453 287 530 343 τοῖσι
557 283 686 361 χρήμασι
711 282 902 360 ὕπερβάλλων
928 279 945 342 ὅ

141 371 346 452 Ἀρισταγόρης
367 377 394 436 ές
415 370 447 432 οὗ
467 370 639 447 πεντήκοντά
658 398 689 431 τε
710 371 835 431 τάλαντα
847 371 944 430 ὑποδέ-

142 460 233 528 δέκτο,
249 460 294 518 καὶ
307 459 340 519 τδ
352 461 464 520 ’παιδίον
479 459 628 536 ηὐδάξατο.
650 470 667 494 “
675 459 771 536 πάτερ,
786 459 944 535 διαφθερέει

142 573 178 606 σε
192 547 208 607 ά
223 548 319 617 ξεῖνος,
333 546 368 624 ἢν
380 548 421 624 μή
435 548 564 612 α’ποστοὶς
583 546 650 627 ἵης.”
692 546 708 606 ὅ
721 573 751 606 τε
765 546 799 622 δή
817 547 944 622 Κλεομέ-

143 661 199 710 νης,
214 635 312 711 ήσθεῖς
329 641 378 695 τοῦ
392 636 502 695 παιδίου
516 641 552 714 τῇ
565 637 728 713 παραινέσει
746 633 789 711 ἤϊε
809 641 836 697 ές
852 635 945 711 ἕτερον

144 724 255 800 οἴκημα,
265 725 344 784 Ικαὶὸ
359 723 566 806 Ἀρισταγόρης
584 723 792 783 α’παλλάσσετο
808 723 840 782 τδ
857 721 945 799 παρά-

143 837 200 870 παν
221 817 251 872 έκ
271 817 321 888 τῆς
348 813 487 889 Σπάρτης·
514 813 579 872 οὐδέ
598 816 624 872 οἱ
645 813 784 894 ἐξεγένετο
811 809 945 870 ε’πιπλέον

144 901 184 960 ἔτι
197 905 323 980 σημῇναι
336 903 461 977 περὶτῆς
475 901 573 962 άνόδου
587 907 636 978 τῆς
649 901 726 978 παρά
738 899 875 977 βασιλέα.

178 987 261 1068 Ἔχει
281 989 336 1071 γάρ
357 989 432 1065 α’μφὶ
451 991 486 1068 τῇ
508 989 561 1069 ὁδῷ
580 990 666 1069 ταύτῃ
682 988 743 1048 ὦδε·
771 981 898 1064 σταθμοί
914 1013 945 1046 τε
953 988 992 1046 52

144 1082 276 1154 πανταχῆ
289 1082 345 1136 εἰσι
361 1076 519 1152 βασιλήϊοι,
534 1079 580 1135 καὶ
597 1077 764 1140 καταλύσιες
781 1077 943 1144 κάλλισται,

145 1162 192 1220 διὰ
207 1163 364 1238 οἰκεομένης
377 1163 436 1240 τεή
450 1165 513 1227 ὁδὸς
530 1164 628 1224 ἅπασα
643 1167 688 1223 καὶ
701 1163 859 1240 ἀσφαλέος.
900 1163 946 1222 διά

147 1249 199 1324 μέν
211 1275 245 1330 γε
259 1251 361 1324 Λυδίης
376 1253 421 1308 καὶ
433 1253 555 1332 Φρυγίης
574 1255 697 1328 σταθμοὶ
709 1255 843 1314 τείνοντες
857 1251 948 1310 εἴκοσί

148 1339 212 1406 εἰσι,
234 1337 416 1418 παρασάγγαι
437 1339 465 1396 δὲ
485 1338 617 1415 τέσσερες
637 1340 683 1398 καὶ
704 1339 881 1414 ἐννενήκοντα
901 1339 947 1397 καὶ

146 1425 245 1504 ἥμισυ.
287 1425 425 1485 ἐκδέκεται
445 1425 468 1485 δ’
486 1431 516 1484 ἐκ
528 1429 581 1502 τῆς
597 1427 718 1508 Φρυγίης
734 1426 749 1486 ὁ
768 1425 883 1488 “”Αλυς
897 1453 946 1486 πο-

145 1514 243 1592 ταμός·
265 1513 307 1574 ἔπ’
324 1512 345 1594 ᾧ
362 1513 451 1573 πάλαι
464 1541 495 1574 τε
512 1515 611 1585 ἔπεισι,
626 1514 676 1578 τάς
694 1513 854 1585 διεξελάσαι
866 1519 947 1574 πάσα

146 1603 253 1686 ἀνάγκη
267 1605 313 1662 καὶ
326 1601 398 1662 οὗτοι
407 1603 553 1681 διεκπερᾶν
566 1604 616 1664 τάν
628 1603 764 1690 ποταμδν,
779 1605 825 1663 καὶ
838 1609 946 1680 φυλακ-

145 1693 241 1770 τήριον
254 1692 328 1773 μέγα
347 1691 388 1750 ἐπ’
403 1691 483 1770 αὐτῷ.
526 1692 656 1768 διαβάντι
674 1693 703 1752 δὲ
717 1698 744 1756 ές
757 1692 808 1769 τήν
825 1699 946 1752 Καππα-

146 1782 241 1856 δοκίην
274 1782 320 1839 καὶ
350 1779 437 1858 ταύτῃ
463 1779 639 1860 πορευομένῳ
665 1780 750 1860 μέχρι
776 1781 862 1858 οὔρων
891 1783 947 1840 τῶν

146 1870 288 1939 Κιλικίων,
316 1868 438 1943 σταθμοὶ
468 1869 539 1928 δυῶν
568 1868 677 1932 δέοντές
707 1873 762 1928 εἰσι
788 1869 946 1946 τριήκοντα,

145 1956 327 2038 παρασάγγαι
348 1956 378 2014 δὲ
397 1955 531 2033 τέσσερες
551 1957 597 2016 καὶ
619 1955 726 2016 ἑκατόν·
752 1957 798 2015 ε’πὶ
821 1958 852 2016 δὲ
871 1959 947 2015 τοῖσι

145 2044 249 2106 τούτων
269 2044 377 2122 οὔροισι
399 2044 474 2113 διξάς
493 2071 524 2104 τε
544 2043 636 2108 πάλας
657 2045 789 2124 διεξελᾷς,
812 2044 858 2102 καὶ
885 2043 947 2113 διξὰ

146 2133 324 2211 φυλακτήρια
350 2135 548 2212 παραμείψεαι.
589 2138 678 2194 ταῦτα
702 2134 731 2194 δὲ
754 2131 948 2202 διεξελάσαντι

146 2223 193 2280 καὶ
220 2221 265 2280 διά
292 2226 342 2298 τῆς
369 2222 500 2296 Κιλικίης
523 2221 589 2280 ὁδδν
614 2219 767 2299 ποιευμένῳ
793 2223 866 2296 τρεῖς
894 2223 948 2278 εἰσι

145 2311 277 2387 σταθμοὶ,
299 2308 482 2389 παρασάγγαι
507 2309 536 2367 δὲ
560 2307 756 2366 πεντεκαίδεκα
777 2307 823 2364 καὶ
848 2305 947 2382 ἥμισυ.

146 2397 226 2476 οὖρος
246 2398 275 2456 δὲ
296 2398 426 2472 Κιλικίης
446 2395 491 2453 καὶ
506 2399 556 2470 τῆς
571 2394 718 2471 Ἀρμενίης
734 2395 796 2454 ἐστὶ
813 2395 947 2472 ποταμδς,

145 2486 355 2564 νηυσιπέρητος,
369 2489 408 2564 τῷ
429 2483 535 2560 οὕνομα
555 2482 717 2560 Εὐφρήτης·
743 2489 771 2544 έν
788 2484 818 2544 δὲ
833 2488 869 2564 τῇ
885 2483 947 2563 Ἀρ

144 2577 226 2654 μενίη
247 2573 370 2651 σταθμοὶ
390 2573 443 2650 μέν
467 2577 522 2632 εἶσι
543 2573 724 2653 καταγωγέων
744 2574 947 2644 πεντεκαίδεκα,

144 2663 329 2744 παρασάγγαι
349 2661 378 2720 δὲ
399 2661 431 2730 ἓξ
450 2662 496 2720 καὶ
516 2660 688 2738 πεντήκοντα
709 2661 754 2720 καὶ
774 2661 873 2738 ἥμισυ·
902 2663 948 2721 καὶ

145 2751 337 2828 φυλακτήριον
358 2755 387 2810 έν
411 2749 530 2809 αι’ντοῖσι·
557 2749 680 2826 ποταμοὶ
701 2749 731 2809 δὲ
750 2751 948 2827 νηυσιπέρητοι

145 2841 278 2918 τέσσερες
306 2839 351 2898 διά
378 2837 480 2914 ταύτης
506 2839 611 2915 ῥέουσι,
638 2836 703 2901 τούς
729 2843 810 2899 πᾶσα
840 2838 947 2920 ἀνάγκη

144 2925 372 3006 διαπορθμεῦσαί
389 2931 459 2985 ε’στι·
486 2930 594 3003 πρῶτος
613 2927 665 3003 μὲν
688 2927 792 3008 Τίγρις·
813 2927 883 3003 μετά
907 2927 945 2995 δὲ,

144 3012 271 3092 δεύτερός
293 3041 323 3074 τε
346 3014 392 3072 καὶ
413 3015 507 3091 τρίτος
528 3013 613 3076 ὦυτὸς
641 3013 868 3091 οὖνομαζόμενος,
897 3012 946 3071 οὐκ

145 3103 232 3166 ιδυτδς
246 3103 297 3164 εἰδν
309 3102 436 3179 ποταμδς
455 3101 518 3160 οὐδὲ
537 3107 567 3160 ἐκ
585 3107 636 3162 τοῦ
656 3101 740 3161 αὐτοῦ
753 3103 831 3178 ῥέων·
854 3099 882 3180 (ὁ
895 3102 947 3174 μὲν

142 3193 200 3275 γάρ
218 3191 353 3269 πρότερος
366 3190 456 3250 αὐτῶν
475 3191 657 3267 καταλεχθεὶς
671 3189 702 3258 ἐξ
712 3187 864 3264 Ἀρμενίων
879 3187 944 3260 ῥέει,

144 3280 160 3342 ὁ
182 3279 205 3340 δ’
226 3280 352 3357 ὕστερον,
368 3283 397 3336 έκ
415 3277 617 3354 Ματιηνῶν·)ὁ
635 3277 664 3334 δὲ
680 3277 810 3348 τέταρτος
825 3275 881 3329 τῶν
897 3296 946 3328 πο-

144 3372 241 3446 ταμῶν
254 3366 359 3443 οὔνομα
373 3367 430 3444 ἔχει
448 3363 560 3439 Γύνδης,
579 3362 628 3420 τὸν
643 3365 736 3435 Κῦρος
752 3357 871 3429 διὲλαβέ
884 3381 948 3415 κοτε
