2276 3538
164 146 212 191 106
467 141 648 189 Ἠνοιοτοτ
899 127 961 202 [vl'.

164 209 327 298 ἀπικόμενοι
352 225 407 297 πῦρ
424 245 455 280 τε
472 221 564 280 αἴτεον
585 221 631 279 καὶ
655 217 886 296 ἐπελαμβάνοντο
908 223 965 280 τῶν

165 313 241 367 νεῶν.

120 398 176 453 114
219 396 277 454 Καὶ
293 401 377 456 τοῦτο
391 399 442 473 μέν
455 395 584 476 ἐντούτῳ
601 399 639 474 τῷ
657 394 732 474 πόνῳ
751 395 767 454 ὁ
784 395 965 474 πολέμαρχος

168 486 356 564 Καλλίμαχος
379 485 575 560 διαφθείρεται,
595 483 665 558 άνήρ
683 483 830 562 γενόμενος
850 482 961 562 ἀγαθός,

165 569 221 631 α’πό
236 571 258 630 δ’
273 573 351 632 ἔθανε
361 577 416 631 τῶν
427 575 591 650 στρατηγῶν
601 572 760 646 Στησίλεως
774 570 790 629 ό
801 570 964 646 Θρασύλεω·

165 663 248 719 τοῦτο
267 660 296 718 δὲ
313 661 494 741 Κυναίγειρος
507 657 524 717 0‘
537 658 715 733 Εὐφορίωνος
729 659 854 730 ἐνθαῦτα,
869 662 965 717 ἐπιλα-

165 747 288 823 βόμενος
303 751 357 806 τῶν
376 746 532 822 ἀφλάστων
549 746 621 821 νηός,
643 745 695 820 τήν
712 749 794 823 χεῖρα
807 745 967 810 ’ἀποκοπεὶς

166 836 278 892 πελέκεϊ
290 836 395 893 πίπτει·
416 839 498 892 τοῦτο
530 836 542 891 ἐ
556 833 640 892 ἄλλοι
653 833 806 908 Ἀθηναίων
819 835 928 892 πολλοί
935 861 966 894 τε

121 923 176 979 115
189 923 234 980 καὶ
248 921 410 998 ὀνομαστοί.
435 921 525 980 Ἑπτά
532 925 583 999 μὲν
592 921 626 997 δὴ
635 926 690 981 τῶν
698 925 765 981 νεῶν
773 921 967 998 ἐπεκράτησαν

166 1009 260 1088 τρόπῳ
277 1009 393 1090 τοιούτῳ
410 1009 563 1086 Ἀθηναῖοι·
584 1013 651 1089 τῇσι
669 1009 698 1068 δὲ
713 1013 833 1086 λοιπῇσι
850 1011 876 1067 οἱ
894 1009 967 1086 βάρ-
1008 1064 1012 1068 .

165 1099 253 1173 βαροι
279 1097 554 1176 ἐξανακρουσάμενοι,
582 1098 626 1156 καὶ
653 1097 843 1173 ἀναλαβόντες
865 1102 895 1155 ἐκ
916 1103 967 1174 τῆς

167 1183 256 1260 νόσου
279 1191 308 1246 ἐν
333 1191 369 1266 τῇ
393 1189 490 1246 ἔλιπον
516 1186 551 1246 τοὶ
580 1187 611 1255 ἐξ
634 1185 775 1262 Ἐρετρίης
798 1184 965 1262 α’νδράποδσ,

166 1276 339 1351 περιέπλωον
353 1275 468 1340 Σούνιον
480 1273 651 1351 βουλόμενοι
671 1274 777 1348 φθῆναι
794 1272 859 1334 τούς
882 1271 966 1349 Ἀθη-

167 1363 259 1426 ναίους
284 1363 446 1440 ἀπικόμενοι
468 1368 495 1425 ἐς
518 1364 551 1421 τό
578 1361 660 1420 ἄστυ·
691 1361 765 1436 αἰτίη
792 1359 821 1417 δέ
848 1361 916 1438 ἔσχε
937 1366 966 1420 ἐν

166 1447 340 1525 Ἀθηναίοισι
355 1452 386 1520 ἐξ
396 1450 633 1526 Ἀλκμαιωνιδέων
646 1452 773 1526 μηχανῆς
787 1447 888 1510 αὐτοῦς
901 1453 966 1507 ταῦ-

166 1563 202 1595 τα
233 1539 419 1613 ἐπινοηθῆναι·
449 1538 563 1600 τούτους
590 1536 657 1616 γάρΙ
678 1537 862 1611 συνθεμένους
890 1541 967 1596 τοῖσι

169 1625 301 1701 Πέρσῃσι
317 1625 445 1693 ἀναδέξαι
461 1624 576 1694 άσπίδα,
590 1628 668 1682 ἐοῦσι
684 1622 736 1699 ἤδη
751 1629 780 1682 ἐν
791 1627 859 1702 τῇσι
873 1627 965 1699 νηυσί.

121 1714 177 1770 116
188 1709 275 1770 Οὗτοι
291 1715 342 1787 μέν
356 1712 389 1788 δὴ
403 1714 575 1790 περιέπλωον
592 1712 716 1777 Σούνιον·
730 1711 874 1787 Ἀθηναῖοι
888 1711 917 1770 δέ
932 1712 967 1776 ῶς

166 1799 258 1858 ποδῶν
285 1799 361 1878 εἶχον
387 1799 509 1878 τάχιστα
537 1801 673 1877 ἐβοήθεον
697 1805 725 1861 ἐς
751 1798 783 1858 τό
807 1798 889 1858 ἄστυ·
921 1802 966 1860 καὶ

166 1887 294 1962 ἔφθησάν
307 1915 338 1948 τε
351 1888 513 1966 άπικόμενοι
524 1890 588 1966 πρὶν
598 1887 616 1964 ἢ
626 1888 690 1950 ταῶς
702 1886 869 1963 βαρβάρους
881 1887 965 1963 ἥκειν,

166 1975 212 2033 καὶ
226 1978 516 2054 ἐστρατοπεδεύσαντο
530 1977 677 2058 ἀπιγμένοι
691 1976 722 2044 ἐξ
733 1975 907 2051 Ἡρακληίου
917 1981 966 2035 τοῦ

165 2069 194 2123 ἐν
207 2067 361 2142 Μαραθῶνι
376 2071 404 2125 ἐν
418 2066 496 2144 άλλιρ
509 2065 670 2142 Ἡρακληΐῳ
684 2067 722 2142 τῷ
736 2068 764 2122 ἐν
780 2063 965 2144 Κυνοσάργεϊ.

165 2155 192 2211 οῖ
216 2153 245 2212 δέ
269 2144 415 2231 βάρβαροι
438 2159 505 2231 τῇσι
531 2153 612 2228 νηυσὶ
638 2151 887 2228 ὑπεραιωρηθέντες
911 2159 967 2210 Φα-

166 2241 264 2318 λήρου,
282 2245 375 2322 (τοῦτο
394 2242 449 2322 γάρ
468 2242 502 2316 ἦν
517 2243 634 2300 ἐπίνειον
646 2239 711 2300 τότε
723 2243 778 2299 τῶν
791 2238 966 2320 Ἀθηναίων,)

164 2328 234 2405 ὑπὲρ
257 2329 357 2388 τούτου
384 2328 627 2406 ἀνακωχεύσαντες
649 2327 699 2392 πῶς
722 2332 789 2402 νῆας
816 2326 967 2387 ἀπέπλωον

167 2415 260 2476 όπίσω
273 2421 300 2478 ἐς
313 2415 365 2491 τὴν
377 2415 487 2491 Ἀσίην.

118 2505 174 2564 117
216 2502 265 2562 Ἐν
281 2503 369 2581 ταύτῃ
386 2509 422 2582 τῇ
441 2510 469 2564 ἐν
486 2504 638 2581 Μαραθῶνι
658 2503 737 2582 μάχη
757 2503 895 2562 α’πέθανον
911 2508 967 2563 τῶν

162 2591 319 2668 βαρβάρων
335 2592 405 2650 κατά
425 2593 630 2670 ἑξακισχιλίους
647 2593 692 2650 καὶ
710 2592 906 2668 τετρακοσίους
920 2591 966 2650 ἄν·

165 2679 239 2755 δρας,
266 2678 419 2755 Ἀθηναίων
446 2680 475 2738 δέ
502 2679 600 2738 ἑκατόν
628 2678 805 2753 ἐννενήκοντα
833 2679 878 2736 καὶ
906 2677 965 2736 δίο·

163 2767 266 2826 ἔπεσον
283 2769 334 2843 μὲν
353 2767 519 2844 άμφοτέρων
536 2770 677 2824 τοσοῦτοι.
720 2764 863 2840 συνήνεικε
874 2765 905 2823 ’δὲ
919 2765 965 2824 αὖ·

162 2853 225 2914 τόθι
243 2855 323 2931 θῶμα
335 2856 474 2935 ’γενέσθαι
490 2853 605 2913 τοιόνδε·
626 2852 775 2928 Ἀθηναῖον
789 2851 874 2928 ἄνδρα
888 2852 967 2910 Ἐπί*

163 2943 249 3017 ζηλον
265 2943 314 3002 τόν
333 2942 525 3022 Κουφαγόρεω
544 2945 572 2998 ἐν
590 2965 625 3016 τη
647 2940 786 2998 συστάσει
804 2939 965 3019 μαχόμενόν

163 3055 192 3087 τε
209 3031 253 3087 καὶ
267 3028 352 3105 ἄνδρα
368 3029 513 3108 γινόμενον
530 3026 636 3104 ἀγαθόν
653 3031 707 3086 τῶν
721 3026 851 3103 ὀμμάτων
865 3054 964 3104 στερη-

163 3118 251 3190 θῆναι,
270 3115 332 3173 οότε
350 3116 494 3193 πληγέντα
511 3113 589 3171 οὐδὲν
602 3117 652 3172 τοῦ
666 3114 795 3190 σώματος
814 3113 877 3174 οὔτε
890 3117 966 3191 βλη-

163 3204 255 3262 θέντα·
273 3203 317 3259 καὶ
330 3202 363 3259 τό
377 3199 478 3258 λοιπόν
491 3203 541 3274 τῆς
554 3199 617 3274 ζόης
631 3201 781 3261 διατελέειν
794 3202 850 3261 ἀπό
864 3203 964 3261 τούτου

161 3293 212 3348 τοῦ
225 3288 327 3367 χρόνου
341 3287 423 3346 ἐόντα
439 3285 558 3361 τυφλόν.
595 3287 686 3366 λέγειν
700 3289 729 3346 δέ
739 3288 824 3348 αὐτόν
837 3289 900 3365 περὶ
913 3293 964 3348 τοῦ
