2268 3536
109 179 112 183 “
144 183 236 250 3210]
455 187 658 236 ἰςΡνιΧοαα
932 187 947 232 3

143 266 208 329 τύος
224 264 390 326 κάλλιστον·
411 263 489 324 οὗτοι
506 265 558 342 μέν
571 271 669 341 σφεων
684 267 712 326 οἱ
727 263 948 342 ἐπιφανέστατοι

144 352 226 431 νόμοι
254 355 319 414 εἶσί.
361 355 448 417 Θεούς
475 355 505 414 δὲ
532 355 670 430 σέβονται
696 354 814 432 μούνους
836 352 980 414 τούσδε·7

140 441 228 520 'Apta
250 444 296 502 καὶ
318 443 457 504 Διόνυσον
480 444 526 503 καὶ
542 443 687 521 Ἀρτεμιν·
712 447 739 503 οἱ
761 445 790 502 δὲ
811 444 948 520 βασιλέες

144 531 241 602 αὐτῶν,
249 531 339 609 πάρεξ
345 536 400 592 τῶν
410 530 507 593 ἄλλων
516 533 681 608 πολιητέων,
693 533 830 608 σέβονται
839 531 946 608 Ἑρμῆν

143 621 273 698 μάλιστα
299 621 378 680 θεῶν·
406 621 452 679 καὶ
479 619 615 698 ὀμνύουσι
641 619 746 698 μούναν
769 624 876 688 τοῦτον,
901 621 948 678 καὶ
1025 675 1027 680 ,

144 711 262 790 λέγουσι
278 710 421 791 γεγονέναι
438 708 494 768 άπδ
512 708 620 786 Ἑρμέω
638 707 762 772 ἑωυτούς.
804 708 901 783 Ταφαὶ
920 707 981 766 δὲ8

143 803 220 858 τοῖσι
237 797 384 874 εὐδαίμοσι
404 796 495 860 αὐτῶν
515 799 571 856 εἶσὶ
588 798 657 858 αἵδε·
678 801 752 875 τρεῖς
770 799 823 874 μὲν
842 795 948 874 ἡμέρας

144 889 311 963 προτιθέασι
323 886 373 946 τδν
387 886 491 964 νεκρδν,
506 888 552 945 καὶ
565 890 685 947 παντοῖα
698 885 858 962 σφάξαντες
872 884 948 962 ἷρήϊα

144 974 559 1055 εύωχέονται,’προκλαύσαντες
576 980 696 1053 πρῶτον·
718 977 812 1035 ἔπειτα
829 974 859 1033 δὲ
878 972 948 1034 θάπ-

143 1089 226 1123 τουσι
242 1064 473 1134 κατακαύσαντες,
488 1061 506 1139 ἢ
520 1062 614 1127 άλλως
629 1068 667 1144 γῇ
683 1063 845 1141 κρύψαντες·
865 1066 949 1141 χῶμα

146 1151 175 1208 δὲ
189 1153 309 1228 χέαντες,
320 1151 414 1232 οἷγῶνα
426 1153 682 1222 τιθεῖσιπαντοῖον,
693 1157 723 1212 ε’ν
732 1155 771 1230 τῷ
780 1149 816 1210 τά
825 1152 948 1232 μέγιστα

147 1235 236 1296 άεθλα
249 1239 355 1298 τίθεται
369 1239 438 1296 κατά
452 1239 541 1320 λόγον
553 1241 754 1319 μουνομαχίης.
795 1240 885 1316 ταφαὶ
897 1242 949 1316 μὲν

146 1324 182 1400 δη
196 1325 323 1400 Θρηίκων
336 1327 391 1384 εἰσὶ
405 1323 496 1384 αὗται.
680 1381 684 1388 ,

156 1455 160 1460 -
187 1412 227 1473 Τά
237 1413 268 1472 δὲ
278 1412 349 1489 πρὸς
361 1413 456 1490 βορέω
466 1417 517 1488 τῆς
529 1413 622 1492 χώρης
636 1415 675 1474 ἔτι
685 1413 786 1490 ταῑῆης
796 1413 885 1479 οὐδεὶς
894 1417 951 1495 ἔχει
965 1420 981 1476 9

146 1501 258 1580 φράσαι
267 1501 300 1561 τά
312 1501 431 1578 α’τρεκὲς,
442 1502 541 1564 οἵτινές
551 1506 606 1560 εἰσι
617 1501 768 1580 α’νθριύπων
779 1505 806 1562 οἱ
816 1505 949 1586 οἰκέοντες

145 1590 242 1666 αύτήν·
262 1589 341 1651 ἀλλὰ
353 1589 389 1650 τά
401 1590 489 1667 πέρην
502 1589 555 1667 ἤδη
568 1595 619 1652 τοῦ
628 1589 744 1669 Ἴστρου
758 1595 860 1669 ε’ρῆμος
871 1593 948 1672 χάρη

146 1681 275 1754 φαίνεται
296 1682 383 1738 ἐοῦσα
405 1679 459 1738 καὶ.
473 1677 597 1757 άπειρος.
637 1680 756 1758 μούνους
780 1681 809 1741 δὲ
832 1681 949 1760 δύναμαι

145 1769 286 1828 πυθέσθαι
308 1768 447 1832 οἰκέοντας
467 1769 555 1846 πέρην
576 1773 626 1830 τοῦ
643 1767 759 1846 Ἴστρου
780 1768 948 1848 ἀνθρώπους,

145 1860 221 1916 τοῖσι
241 1855 347 1933 οὕνομα
365 1857 434 1916 εἶναι
456 1857 591 1938 Σιγύννας
609 1859 708 1934 ἐσθῆτι
727 1859 757 1918 δὲ
777 1860 950 1938 χρεωμένους

146 1946 271 2024 Μηδικῇ·
291 1945 356 2008 τούς
377 1945 406 2004 δὲ
426 1947 527 2009 ἵππους
548 1946 637 2007 αὐτῶν
655 1948 725 2008 εἶναι
740 1947 859 2012 λασίους
874 1946 949 2007 ἅπαν

145 2033 179 2094 τδ
192 2039 276 2111 σῶμα
290 2035 336 2093 ε’πὶ
352 2035 434 2094 πέντε
448 2034 600 2098 δακτύλους
613 2035 646 2095 τδ
662 2035 755 2112 βάθος
770 2040 825 2096 τῶν
837 2040 948 2115 τριχῶν,

145 2122 262 2200 μικρούς
277 2123 306 2182 δὲ
323 2124 368 2182 καὶ
385 2124 485 2200 σιμούς
501 2125 546 2182 καὶ
563 2123 714 2188 ἀδυνάτους
729 2123 830 2202 ἄνδρας
843 2125 948 2201 φέρειν·

147 2213 343 2293 ζευγνυμένους
356 2213 385 2272 δὲ
399 2212 444 2272 ὑπ’
459 2211 579 2290 ἅρματα,
595 2213 664 2272 εἶναι
680 2212 838 2282 ὀξυτάτους·
859 2212 947 2289 αἶρμα-

146 2301 292 2374 τηλατέειν
305 2302 335 2361 δέ
350 2301 420 2378 πρδς
433 2305 522 2360 ταῦτα
534 2300 599 2364 τούς
616 2301 787 2378 ἐπιχωρίους.
822 2300 947 2375 κατήκειν

147 2389 177 2448 δὲ
200 2390 306 2451 τούτων
328 2390 392 2453 τούς
416 2389 514 2468 οὔρους
535 2389 626 2470 ἀγχοῦ
646 2388 765 2449 Ἐνετῶν
786 2393 842 2450 τῶν
863 2395 892 2450 ἐν
912 2393 950 2470 τῷ

147 2478 253 2558 Ἀδρίη·
281 2479 352 2539 εἶναι
375 2479 404 2538 δὲ
428 2477 533 2553 Μήδων
553 2478 646 2553 σφέας
666 2477 798 2544 άποίκους
821 2481 948 2562 λέγουσι.

148 2565 217 2630 ὅκως
230 2567 260 2626 δὲ
276 2565 353 2627 οὗτοι
367 2566 472 2642 Μήδων
486 2565 597 2626 άποικοι
610 2567 753 2648 γεγόνασι,
769 2567 823 2649 ε’γοδ
834 2572 886 2646 μὲν
900 2568 950 2628 ούκ

148 2656 202 2733 ἔχω
218 2655 443 2733 ἐπιφράσασθαι·
464 2657 574 2737 γένοιτο
590 2655 613 2715 δ’
627 2654 661 2715 ἂν
679 2659 736 2716 πᾶν
753 2661 782 2716 ἓν
799 2661 837 2736 τῷ
852 2662 949 2738 μακρῷ

147 2743 248 2822 χρόνῳ.
277 2744 423 2824 (Σιγύννας
436 2743 459 2803 δ’
471 2743 507 2803 ὧν
518 2745 652 2804 καλέουσι
662 2745 763 2826 λίγυες
773 2749 801 2804 οἱ
814 2745 868 2805 ἅνω
878 2745 950 2823 ὑπὲρ
1006 2757 1007 2760 ’

147 2833 325 2908 Μασσαλίης
339 2833 474 2895 οἰκέοντες
486 2832 551 2896 τούς
564 2833 717 2908 καπήλους·
739 2833 862 2911 Κύπριοι
875 2834 904 2892 δὲ
913 2833 949 2893 τά

147 2919 273 3002 δόρατα.)
314 2919 363 2984 Ὡς
386 2921 416 2980 δὲ
440 2919 557 2997 Θρήϊκες
576 2922 703 3002 λέγουσι,
724 2922 863 2998 μέλισσαι
887 2923 996 2980 κατ-10

149 3009 266 3086 ἔχουσαι
279 3008 315 3068 τά
329 3009 416 3086 πέρην
429 3013 479 3068 τοῦ
490 3007 605 3086 Ἴστρου
620 3014 685 3068 εἰσι·
703 3011 749 3068 καὶ
762 3009 817 3068 ὗπδ
831 3008 950 3068 τουτέων

148 3095 198 3156 ούκ
221 3097 290 3157 εἶναι
312 3097 431 3157 διελθεῖν
454 3096 487 3156 τά
511 3098 689 3175 προσωτέρω.
732 3098 794 3174 ε’μοὶ
817 3095 870 3171 μέν
892 3121 949 3166 νυν,

147 3189 236 3244 ταῦτα
252 3185 382 3267 λέγοντες
398 3183 527 3245 δοκέουσι
545 3185 638 3267 λέγειν
652 3185 702 3244 οὐκ
721 3184 825 3244 οἰκότα·
846 3181 882 3240 τά
894 3182 950 3261 γάρ

148 3273 207 3343 ζῶα
218 3277 307 3334 ταῦτα
321 3274 451 3350 φαίνεται
465 3273 534 3333 εἶναι
548 3274 676 3353 δύσριγα·
694 3269 772 3330 άλλά
785 3294 834 3343 μοι
846 3268 882 3328 τοὶ
895 3268 950 3328 ύπδ

147 3360 200 3437 τήν
210 3360 313 3438 ἄρκτον
322 3363 439 3437 αοίκητα
449 3361 538 3420 δοκέει
552 3361 621 3420 εἶναι
631 3359 676 3418 διά
690 3358 726 3416 τοὶ
736 3356 836 3432 ψύχεα.
864 3360 951 3413 ταῦτα
