2268 3536
183 143 215 190 οο
492 143 674 193 Ἤτοιοτου
939 140 984 205 [ν.

182 219 340 296 ἀπήλλαξε·
363 221 409 279 καὶ
431 219 618 300 Ἀγχιμολίου
643 221 698 280 εἰσὶ
718 222 807 296 ταφαὶ
825 223 876 296 τῆς
895 219 985 282 Ἀττι-

182 314 231 384 κῆς
258 307 444 387 Ἀλωπεκῇσι,
480 307 570 389 ἀγχοῦ
594 336 626 368 το
671 309 843 386 Ἡρακληίου
871 313 921 370 τοῦ
958 315 987 372 ἐν

134 399 172 455 64
183 397 369 478 Κυνοσάργεϊ.
413 396 494 455 Μετά
521 398 558 466 δέ,
581 398 795 474 Λακεδαιμόνιοι
822 399 895 474 μέζω
916 399 986 458 στό-

181 491 233 545 λον
247 487 408 549 στείλαντες
422 485 591 562 ἀπέπεμψαν
600 487 645 544 ἐπὶ
659 486 708 549 τάς
721 485 849 561 Ἀθήνας,
865 512 987 563 στρατη-

180 574 232 655 γόν
251 580 302 651 τῆς
322 577 456 652 στρατιῆς
474 572 656 644 ἀποδέξαντες
677 575 805 650 βασιλέα
823 575 987 650 Κλεομένεα

180 663 229 724 τόν
241 663 465 740 Ἀναξανδρίδεω,
477 662 568 722 οὐκέτι
580 662 650 722 κατά
663 661 816 722 θάλασσαν
827 663 987 725 στείλαντες

180 751 256 812 ἀλλά
268 752 326 812 κατ’
340 751 464 828 ἤπειρον.
486 757 561 810 τοῖσι
576 752 605 810 δέ
620 753 782 827 ἐσβαλοῦσι
794 756 820 813 ἐς
834 750 885 826 τήν
899 751 986 811 Ἀττι-

181 841 232 916 κήν
245 843 338 920 χώρην
348 840 366 916 ἡ
379 845 434 900 τῶν
449 844 606 900 Θεσσαλῶν
622 839 705 904 ἵππος
716 843 812 918 πρώτη
823 841 984 917 προσέμιξε,

182 931 227 987 καὶ
241 929 273 988 οὗ
286 929 357 1005 μετά
370 929 444 988 πολι)
459 929 602 1006 ἐτράπετο·
628 929 675 987 καί
688 937 784 1005 σφεων
801 933 902 989 ἔπεσον
911 929 985 1006 ’ὑπὲρ

180 1018 387 1095 τεσσεράκοντα
404 1017 511 1094 ἄνδρας,
527 1021 553 1076 οἱ
567 1018 596 1076 δὲ
610 1019 817 1100 περιγενόμενοι
833 1017 985 1077 ἀπαλλάσ-

180 1133 265 1165 σοντο
280 1107 315 1170 ὥς
329 1107 405 1186 εἶχον
420 1106 478 1170 ίθδς
493 1107 538 1166 ἐπὶ
556 1109 729 1183 Θεσσαλίης.
773 1108 935 1183 Κλεομένης
956 1108 985 1166 δέ

180 1194 346 1274 ἀπικόμενος
363 1200 390 1259 ές
405 1196 438 1255 τό
453 1194 525 1254 ἄστυ
543 1195 600 1271 ἅμα
614 1194 767 1270 Ἀθηναίων
783 1199 858 1255 τοῖσι
879 1197 984 1271 βουλο-

179 1285 290 1361 μένοισι
304 1284 372 1343 εἶναι
387 1285 566 1361 ἐλευθέροισι,
583 1284 743 1361 ἐπολιόρκεε
760 1283 824 1347 τούς
836 1284 984 1361 τυράννους

135 1376 171 1432 65
182 1371 372 1453 ἀπεργμένους
391 1378 419 1433 ἐν
436 1377 473 1452 τῷ
495 1377 666 1454 Πελασγικῷ
679 1371 802 1454 [τείχεϊ].
834 1373 891 1431 Καὶ
907 1373 984 1432 οὐδέν

178 1487 205 1518 τι
220 1462 328 1523 πάντως
347 1459 381 1520 ἂν
400 1463 507 1531 ἐξεῖλον
526 1461 590 1522 τούς
605 1462 841 1537 Πεισιστρατίδας
855 1464 881 1520 οἱ
895 1469 983 1521 Λακε-

179 1549 325 1625 δαιμόνιοι·
341 1550 403 1608 οὔτε
416 1549 470 1629 γάρ
485 1550 602 1625 ἐπέδρην
617 1549 743 1609 ἐπενόεον
756 1549 940 1625 ποιήσασθαι,
955 1552 985 1610 οἵ

178 1663 209 1695 τε
224 1638 458 1713 Πεισιστρατίδαι
476 1638 584 1696 σίτοισι
599 1638 644 1694 καὶ
658 1641 772 1697 ποτοῖσι
787 1637 815 1696 εὖ
829 1664 982 1715 παρεσκευ-

520 1727 527 1748 l
602 1723 613 1748 ἢ
654 1725 661 1744 ἶ
691 1727 699 1748 Ι
773 1726 780 1744 Ί

179 1725 274 1785 άδατο·
297 1724 540 1802 πολιορκήσαντες
552 1751 583 1784 τε
597 1751 630 1784 αν
644 1751 747 1802 ημερας
766 1727 871 1807 ολίγας,
893 1726 981 1786 ἀπαλ-

179 1813 325 1873 λάσσοντο
347 1819 373 1876 ές
393 1813 445 1890 τήν
469 1813 610 1890 Σπάρτην·
637 1818 685 1873 νῦν
703 1815 731 1873 δέ
751 1816 885 1892 συντυχίη
906 1819 982 1875 τοῖσι

178 1905 229 1978 μέν
240 1903 310 1978 κακή
323 1904 474 1983 ἐπεγένετο,
485 1907 561 1962 τοῖσι
576 1902 637 1979 δέῆ
653 1903 721 1979 αὐτὴ
737 1902 806 1978 αὕτη
818 1903 979 1982 σύμμαχος·

178 1990 385 2068 ὑπεκτιθέμενοι
408 1993 462 2073 γάρ
487 1993 537 2061 ἐξω
560 1996 610 2068 τῆς
632 1992 724 2070 χώρης
751 1995 777 2051 οἱ
805 1991 899 2054 παῖδες
927 1998 982 2052 τῶν

180 2081 434 2158 Πεισιστρατιδέων
464 2079 589 2156 ἥλωσαν·
631 2085 713 2139 τοῦτο
742 2081 771 2140 δέ
799 2081 835 2142 ώς
863 2079 980 2161 ἐγένετο,

178 2167 269 2228 πάντα
293 2167 381 2229 αὐτῶν
402 2169 436 2228 τά
461 2167 612 2249 πρήγματα
640 2169 867 2246 συνετετάρακτο·
896 2171 981 2248 παρέ-

178 2283 289 2334 στησαν
298 2259 327 2318 δέ
338 2259 383 2317 ἐπὶ
391 2260 485 2336 μισθῷ
493 2262 569 2316 τοῖσι
577 2258 699 2317 τέκνοισι
708 2256 749 2316 ἐπ’
758 2258 817 2316 οἶσι
826 2257 980 2332 ἐβούλοντο

177 2350 203 2404 οἱ
221 2346 373 2423 Ἀθηναῖοι,
390 2346 461 2405 ὥστε
484 2351 512 2404 ἐν
533 2346 614 2405 πέντε
635 2346 757 2423 ἡμέρῃσι
775 2351 933 2423 ἐκχωρῆσαι
951 2353 981 2406 ἐκ

177 2439 227 2508 τῆς
238 2433 377 2508 Ἀττικῆς·
395 2435 467 2510 μετά
481 2435 518 2502 δέ,
535 2434 710 2511 ἐξεχώρησαν
725 2439 751 2496 ἐς
763 2435 872 2514 Σίγειον
886 2434 919 2494 τό
935 2438 980 2495 ἐπὶ

176 2527 214 2600 τῷ
231 2521 410 2600 Σκαμάνδρῳ·
432 2521 563 2597 ἄρξαντες
579 2525 629 2596 μὲν
645 2522 798 2597 Ἀθηναίων
816 2522 857 2581 ἐπ’
871 2527 931 2582 ἔτεα
952 2526 982 2594 ἐξ

177 2636 208 2669 τε
237 2611 282 2668 καὶ
308 2609 465 2687 τριήκοντα,
494 2608 583 2672 ἐόντες
610 2609 638 2667 δὲ
667 2612 712 2668 καὶ
740 2609 816 2670 οὗτοι
847 2611 981 2674 ἀνέκαθεν

178 2697 284 2757 Πύλιοί
302 2723 332 2756 τε
353 2699 398 2756 καὶ
423 2697 568 2774 Νηλεῖδαι,
593 2703 622 2756 ἐκ
644 2702 699 2756 τῶν
722 2699 812 2760 αὐτῶν
833 2700 981 2781 γεγονότες

177 2788 223 2845 καὶ
244 2790 270 2846 οἱ
291 2786 365 2863 ἀμφὶ
383 2787 493 2864 Κόδρον
514 2813 545 2846 τε
559 2788 605 2846 καὶ
622 2787 781 2858 Μέλανθον,
797 2790 823 2848 οἳ
841 2789 978 2868 πρότερον

178 2875 311 2952 ἐπήλυδες
325 2875 421 2946 ἐόντες,
437 2876 564 2959 ἐγένοντο
587 2876 731 2950 Αθηναίων
745 2877 892 2951 βασιλέες.
933 2881 979 2939 ἐπὶ

177 2964 275 3023 τούτου
296 2963 326 3022 δέ
342 2965 387 3022 καὶ
406 2964 493 3023 τώυτό
512 2963 617 3040 οὔνομα
637 2964 867 3040 ἀπεμνημόνευσε
884 2966 979 3027 Ἱππο-

177 3053 278 3128 κράτης
299 3057 337 3131 τῷ
355 3053 432 3111 παιδὶ
447 3053 555 3119 θέσθαι,
569 3052 618 3110 τόν
634 3054 851 3130 Πεισίστρατον,
869 3053 915 3113 ἐπὶ
929 3061 978 3116 τοί

177 3141 321 3217 Νέστορος
341 3138 550 3215 Πεισιστράτου
567 3140 728 3215 ποιεόμενος
744 3143 795 3218 τὴν
813 3144 977 3219 ἐπωνυμίην.

177 3228 246 3288 οὕτω
267 3231 318 3303 μέν
337 3227 481 3302 Ἀθηναῖοι
499 3226 636 3302 τυράννων
655 3228 896 3310 ἀπαλλάχθησαν·
923 3231 978 3291 ὅσα

178 3315 207 3373 δέ
221 3315 447 3390 ἐλευθερωθέντες
467 3313 547 3391 ἔρξαν
563 3313 581 3388 ἢ
598 3315 702 3377 έπαθον
720 3317 851 3398 ἀξιόχρεα
869 3321 978 3396 ἀπηγή-
