2276 3538
166 151 276 215 ιι-οο]
478 149 664 200 nomm.
913 149 961 198 ιιι

165 227 225 289 οὔτι
246 229 418 308 ἀνεχομένων
437 229 488 292 τάς
509 227 652 305 καμήλους
671 225 786 305 ὕστεροι
806 227 964 306 ε’τετάχατιη

166 316 210 375 ἶνα
231 315 271 394 μὴ
294 318 431 393 φοβέοιτο
452 316 485 375 τό
508 315 629 375 ἱππικόν.
665 314 820 394 Ἵππαρχοι
841 315 870 374 δὲ
888 315 963 392 ἦσαν
974 319 1013 376 88

164 401 356 482 Ἀρμαμίθρης
376 430 407 464 τε
429 405 475 462 καὶ
497 404 616 472 Τίθαιος,
640 403 743 466 Δάτιος
764 404 868 466 παῖδες·
896 404 911 462 ό
934 404 964 466 δὲ

163 494 256 568 τρίτος
269 500 326 569 σφι
339 491 533 571 συνίππαρχος
542 491 705 570 Φαρνούχης
719 493 922 550 καταλέλειπτο
937 497 966 553 ἒν

164 579 283 657 Σάρδισι
303 581 417 640 νοσέων·
439 579 474 644 οἷς
494 580 548 660 γοῖρ
570 578 709 656 ὁρμέοντο
728 584 757 638 ἐκ
773 579 903 657 Σαρδίων,
919 580 965 639 ε’πὶ

163 668 316 746 συμφορήν
340 670 453 729 ε’νέπεσε
477 667 654 743 ἀνεθέλητον·
683 667 825 728 ἐλαύνοντι
848 666 903 748 γάρ
928 672 963 738 οἱ,

162 754 217 816 fin&
238 756 302 819 τούς
323 757 411 819 πόδας
431 760 481 816 τοί
504 757 591 815 ἵππου
608 754 751 833 ὑπέδραμε
770 754 850 816 κίων·
878 757 924 814 καὶ
946 756 962 818 ὅ

164 843 248 908 ἵππος
267 843 298 904 οὗ
316 844 445 921 προῖδιδν,
461 844 594 920 ἐφοβήθη
614 870 645 904 τε
666 845 712 902 καὶ
733 843 803 906 στάς
816 841 899 920 ὀρθός
912 842 963 902 α’π-

163 933 295 991 εσείσατο
313 932 362 992 τόν
380 931 552 1010 Φαρνούχεα·
573 932 668 992 πεσοδν
691 932 729 1000 δὲ,
746 930 816 1008 αἷμά
835 957 866 991 τε
886 929 963 1008 ἤμεε,

163 1020 208 1078 καὶ
230 1025 257 1082 ές
278 1020 379 1094 φθίσιν
399 1021 534 1096 περιῆλθε
547 1020 567 1095 ἦ
580 1024 690 1083 νοῦσος·
711 1020 760 1079 τόν
774 1019 803 1078 δὲ
819 1020 904 1080 ἵππον
917 1019 963 1079 αὖ·

161 1108 225 1166 τίκα
246 1106 304 1167 κατ’
318 1107 407 1187 άρχὰς
425 1109 560 1182 ἐποίησαν
578 1110 605 1166 οἱ
623 1107 726 1166 οἰκέται
744 1106 780 1170 ὥς
796 1107 914 1166 ἐκέλευε·
936 1113 964 1170 ές

161 1194 211 1255 τόν
230 1201 322 1275 χῶρον
336 1202 364 1256 έν
376 1201 467 1276 τῷπερ
485 1196 627 1271 κατέβαλε
639 1195 689 1255 τόν
703 1194 842 1254 δεσπότεα
855 1193 962 1276 άπαγα-

161 1282 265 1364 γόντες,
281 1290 309 1343 έν
321 1289 397 1344 τοῖσι
410 1283 528 1364 γούνασι
541 1281 684 1359 άπέταμον
697 1283 733 1342 τά
746 1283 859 1342 σκέλεα.
889 1290 962 1359 Φαρ·

162 1370 263 1449 νούχης
275 1374 327 1448 μὲν
341 1370 411 1430 οὗτοι
424 1369 569 1448 παρελύθη
582 1374 632 1445 τῆς
645 1369 803 1450 ἡγεμονίης.

202 1464 263 1518 Τῶν
283 1460 313 1518 δὲ
333 1459 465 1536 τριήρεων
485 1457 601 1536 άριθμός
622 1460 674 1534 μὲν
696 1458 804 1537 ἐγένετο
823 1457 893 1517 ἑπτά
914 1458 960 1516 καὶ
970 1460 1008 1517 89

162 1544 302 1621 διηκόσιαι
316 1549 362 1606 καὶ
374 1548 474 1626 χίλιαι·
488 1545 655 1624 παρείχοντο
670 1545 699 1604 δὲ
713 1544 797 1608 αὐτας
811 1545 876 1606 οἵδε·
898 1547 961 1606 Φοί-

162 1659 233 1698 νικες
246 1638 298 1712 μὲν
310 1635 363 1695 σὺν
378 1637 505 1713 Συρίοισι
517 1638 594 1694 τοῖσι
605 1639 634 1693 έν
647 1635 872 1712 τῇΠαλαιστίνη
885 1661 960 1710 τριη-

163 1724 267 1794 κοσίας,
281 1721 332 1782 ὧδε
352 1723 562 1799 ἐσκευασμένοι·
583 1722 647 1798 περὶ
659 1725 712 1797 μὲν
727 1725 795 1801 τῇσι
816 1726 959 1801 κεφαλῇσι

162 1813 257 1874 κυνέας
271 1811 347 1890 εἶχον
360 1810 506 1891 α’γχοτείτω
518 1811 706 1886 πεποιημένας
715 1809 820 1887 τρόπον
832 1810 882 1870 τόν
894 1809 959 1870 Ἑλ-

161 1900 283 1974 ληνικόν·
308 1898 478 1960 ἐνδεδυκότες
501 1897 530 1956 δὲ
555 1897 679 1974 θώρηκας
700 1899 815 1966 λινέους,
840 1895 960 1961 ἀσπίδας

161 1985 191 2044 δὲ
211 1987 269 2050 ἴτυς
290 1986 340 2046 οὐκ
361 1986 482 2065 ἐχούσας
504 1985 588 2064 εἶχον,
610 1986 656 2043 καὶ
678 1983 803 2044 ἀκόντια·
832 1982 908 2044 οὗτοι
929 1985 959 2044 δὲ

161 2077 188 2132 οἶ
208 2078 332 2137 Φοίνικες
353 2075 386 2134 τό
409 2073 532 2133 παλαιόν
555 2073 652 2142 οἴκεον,
674 2072 709 2136 οἷς
733 2071 811 2132 αὐτοὶ
832 2074 958 2153 λέγουσι,

161 2162 206 2219 ἐπὶ
224 2167 260 2241 τῇ
277 2161 397 2240 Ἐρυθρῇ
417 2161 562 2240 θαλάσσῃ·
585 2161 708 2220 ε’νθεῦτεν
730 2160 759 2218 δὲ
779 2159 958 2235 ὖπερβάντες,

159 2253 210 2324 τῆς
223 2251 323 2326 Συρίης
336 2251 458 2309 οἰκέουσι
475 2250 510 2309 τά
525 2249 601 2326 παρά
618 2249 778 2308 θάλασσαν·
799 2252 850 2323 τῆς
863 2248 892 2306 δὲ
907 2250 958 2312 Συ-

159 2338 221 2412 ρίης
238 2339 321 2396 τοῦτο
338 2337 371 2396 τό
390 2339 559 2416 χωρίον,“καὶ
578 2336 611 2396 τό
631 2338 716 2416 μέχρι
729 2336 872 2418 Αἰγύπτου
892 2340 955 2409 πᾶν,

161 2425 341 2500 Παλαιστίνη
369 2427 505 2484 καλέεται.
546 2425 694 2505 Αἰγύπτιοι
721 2425 749 2484 δὲ
776 2425 837 2488 νέας
864 2426 958 2500 παρεί-

158 2539 245 2592 χοντο
257 2513 409 2588 διηκοσίας·
430 2511 506 2572 οὗτοι
519 2513 548 2572 δὲ
562 2513 639 2593 εἶχον
652 2515 715 2590 περὶ
727 2517 779 2591 μὲν
790 2518 859 2592 τῇσι
873 2520 958 2589 κεφα-

158 2605 229 2680 λῇσι
252 2601 351 2680 κράνεα
369 2600 501 2680 χηλευτά,
523 2601 644 2665 άσπίδας
665 2601 694 2660 δὲ
715 2604 812 2665 κοίλας
829 2601 879 2665 τὰς
900 2602 957 2665 ἴτυς

157 2690 284 2771 μεγάλας
302 2689 430 2769 ἐχοίσας,
448 2691 494 2747 καὶ
512 2689 616 2766 δόρατά
635 2715 667 2749 τε
688 2689 824 2769 ναύμαχα,
845 2691 890 2748 καὶ
910 2689 955 2749 τό·

159 2803 222 2841 κους
239 2779 389 2860 μεγάλους·
416 2777 449 2837 τό
470 2777 500 2838 δὲ
523 2778 632 2853 πλῆθος
653 2777 742 2838 αὐτῶν
762 2777 957 2854 θωρηκοφόροι

158 2863 240 2940 ἦσαν,
254 2869 394 2945 μαχαίρας
407 2866 437 2924 δὲ
449 2864 575 2946 μεγάλας
592 2864 677 2943 εἶχον.
719 2863 795 2925 οὗτοι
814 2868 866 2943 μὲν
886 2864 956 2924 οὕτω

158 2954 340 3014 έσταλάδατο.
384 2953 505 3030 Κύπριοι
526 2953 556 3012 δὲ
578 2954 745 3032 παρείχοντο
769 2954 840 3016 νέας·
854 2951 951 3028 πεντή-
964 2954 1003 3011 90

158 3067 242 3101 κοντα
264 3043 308 3100 καὶ
329 3042 435 3113 ἑκατόν,
457 3041 658 3118 ἐσκευασμένοι
678 3039 738 3100 ὧδε·
762 3041 812 3104 τὰς
834 3044 886 3118 μὲν
913 3065 955 3098 κε-

158 3129 254 3204 φαλάς
274 3131 399 3209 εἱλίχατο
419 3131 535 3208 μίτρῃσι
556 3133 583 3188 οἱ
602 3129 739 3205 βασιλέες
759 3129 857 3188 αὐτῶν·
879 3131 905 3186 οἱ
926 3128 956 3187 δὲ

157 3216 242 3276 ἄλλοι
256 3217 333 3296 εἶχον
346 3219 471 3280 κιθῶνας·
491 3217 527 3276 τά
541 3217 570 3276 δὲ
584 3216 660 3275 ἄλλα
675 3216 796 3292 κατάπερ
807 3215 952 3290 Ἕλληνες.

157 3305 261 3364 τούτων
273 3303 303 3363 δὲ
316 3304 419 3364 τοσάδε
433 3303 511 3364 ἔθνεά
528 3310 599 3364 ε’στι·
621 3307 647 3362 οἱ
660 3307 712 3374 μὲν
725 3303 781 3362 άπὸ
796 3304 956 3372 Σαλαμῖνος
