2278 3538
173 153 220 200 234
476 149 659 197 ἨΡΟΔΟΤΟΤ
881 151 973 215 [VIII.

172 228 313 305 Προνηίης
329 226 486 304 Ἀθηναίης,
508 227 643 307 ἐντούτῳ
664 233 694 286 ἐκ
714 231 766 304 μὲν
786 231 836 289 τοῦ
857 229 976 308 οὐρανοῦ

174 317 299 392 κεραυνοὶ
312 314 423 374 αὐτοῖσι
438 317 590 384 ἐνέπιπτον,
606 314 661 374 άπό
700 318 713 374 ἐ
730 320 781 375 τοῦ
800 323 976 394 Παρνησσοῦ

173 403 376 484 ἀπορραγεῖσαι
391 403 438 462 δύο
454 405 573 480 κορυφαὶ
593 405 726 480 ἐφέροντο
744 409 844 484 πολλῷ
860 405 977 489 πατάγῳ

173 498 200 556 ἐς
216 491 322 562 αὐτοῦς,
337 493 383 549 καὶ
405 493 564 568 κατέλαβον
582 491 702 571 συχνούς
720 498 823 567 σφεων,
840 499 869 552 ἐκ
884 494 913 552 δὲ
926 500 977 554 τοῦ

175 583 234 660 ἱροῦ
253 584 304 655 τῆς
324 581 465 657 Προνηίης
481 579 539 656 βοή
560 605 591 638 τε
612 580 657 638 καὶ
676 578 843 657 ἀλαλαγμός
862 583 976 662 ἐγίνετο.

127 674 164 730 38
175 670 372 752 Συμμιγέντων
393 669 422 727 δὲ
441 668 545 728 τούτων
565 668 681 738 πάντων,
697 668 792 745 φόβος
809 673 886 729 τοῖσι
905 672 978 748 βαρ·

166 759 286 836 βάροισι
311 756 504 816 ἐνεπεπτώκεε·
525 756 661 834 μαθόντες
682 757 711 815 δὲ
733 760 760 815 οἱ
778 759 890 834 Δελφοὶ
911 759 978 834 φεύ·

173 845 273 928 γοντάς
295 851 395 920 σφεας,
413 844 630 921 ἐπικαταβάντες
648 843 811 905 ἀπέκτειναν
823 846 933 922 πλῆθός
950 873 978 908 τι

174 935 273 993 αὐτῶν
322 936 348 991 οἱ
375 933 404 991 δὲ
431 933 585 1009 περιεόντες
618 933 661 993 ἴθι)
691 938 820 993 Βοιωτῶν
851 936 978 1015 ἔφευγον.

176 1024 273 1103 ἔλεγον
292 1022 321 1081 δέ
339 1025 365 1080 οἶ
384 1019 629 1098 ἀπονοστήσαντες
644 1018 721 1080 οὗτοι
739 1024 793 1081 τῶν
810 1022 977 1100 βαρβάρων,

176 1110 210 1174 ὦς
226 1111 279 1191 ἐγῶ
293 1109 474 1186 πυνθάνομαι,
485 1109 520 1172 ὦς
532 1109 603 1186 πρός
612 1107 739 1168 τούτοισι
754 1109 799 1167 καὶ
812 1108 890 1169 ἅλλα
904 1111 979 1188 ὥρων

175 1200 245 1260 θεῖα·
274 1198 322 1258 δύο
342 1198 397 1279 γάρ
418 1198 536 1260 ὁπλίτας
560 1198 676 1274 μέζονας
696 1195 715 1273 ἢ
736 1197 806 1256 καταὶ
829 1197 979 1276 ἀνθρώπων

176 1287 264 1364 φύσιν
275 1289 387 1366 ἔχοντας
397 1287 517 1346 ἐπεσθαί
529 1293 592 1360 σφι,
603 1284 757 1348 κτείνοντας
766 1285 812 1344 καὶ
822 1286 978 1352 διώκοντας.

125 1379 165 1436 Ἰ39
175 1376 294 1438 Τοίπους
304 1376 334 1433 δέ
347 1375 411 1437 τοιλς
422 1373 470 1433 δύο
480 1375 592 1448 Δελφοὶ
605 1374 723 1454 λέγουσι
735 1373 804 1432 εἶναι
818 1376 980 1454 ἐπιχωρίους

174 1463 272 1539 ἥρωας,
295 1462 425 1522 Φύλακόν
445 1489 476 1522 τε
497 1463 542 1520 καὶ
564 1461 713 1532 Αὐτόνοον,
735 1467 790 1522 τῶν
809 1462 846 1522 τοὶ
865 1463 980 1539 τεμένεά

176 1557 237 1611 ἐστι
250 1553 313 1628 περὶ
326 1551 359 1610 τό
374 1552 440 1628 ἱρόν,
456 1551 587 1609 Φυλάκου
603 1553 655 1627 μὲν
668 1550 733 1628 παρ’
747 1550 833 1628 αὐτήν
851 1552 902 1628 τήν
915 1552 980 1613 ὁδόν

177 1638 330 1715 κατύπερθε
359 1643 408 1696 τοῦ
437 1642 496 1714 ἱροῦ
528 1641 579 1713 τῆς
606 1641 754 1715 Προνηίης,
782 1639 923 1700 Αὐτονόου
950 1641 980 1700 δὲ

176 1728 264 1789 πέλας
290 1731 340 1802 τῆς
364 1726 535 1802 Κασταλίης,
560 1725 615 1786 ὖπό
638 1731 674 1804 τῇ
697 1727 835 1807 Ὑαμπείῃ
860 1733 980 1808 κορυφῇ.

177 1818 204 1874 οἱ
218 1816 247 1873 δὲ
263 1814 397 1876 πεσόντες
409 1813 465 1873 άπό
482 1819 532 1873 τοῦ
546 1814 724 1893 Παρνησσοῦ
741 1817 818 1876 λίθοι
836 1817 875 1876 ἐτι
894 1818 940 1875 καὶ
953 1823 981 1880 ἐς

174 1901 262 1979 ἡμέας
287 1902 362 1978 ἦσαν
392 1903 464 1973 σόοι,
496 1909 524 1962 ἐν
555 1908 593 1983 τῷ
623 1905 730 1980 τεμένεϊ
761 1907 811 1980 τῆς
840 1905 981 1982 Προνηίης

175 1990 324 2068 Ἀθηναίης
346 1991 472 2068 κείμενοι,
492 1997 520 2056 ἐς
539 1991 572 2052 τό
593 1991 750 2070 ἐνέσκηψαν
770 1992 815 2051 διαὶ
835 1996 890 2051 τῶν
909 1993 980 2069 βαρ-

174 2079 272 2158 βάρων
300 2080 457 2158 φερόμενοι.
498 2080 602 2140 τούτων
634 2081 686 2156 μέν
716 2105 764 2140 νυν
792 2083 848 2139 τῶν
875 2079 981 2158 ἀνδρῶν

176 2168 245 2244 αὕτη
260 2168 315 2229 α’πό
329 2173 379 2229 τοῦ
395 2171 454 2246 ἱροῦ
469 2167 623 2248 ἀπαλλαγή
637 2169 751 2249 γίνεται.

128 2261 167 2316 40
216 2257 250 2316 ‘0
285 2258 315 2317 δὲ
348 2256 493 2333 Ἑλλήνων
527 2257 653 2319 ναυτικὰς
687 2256 809 2333 στρατός
842 2255 898 2316 αἷπό
931 2260 981 2317 τοῦ

175 2344 363 2423 Ἀρτεμισίου,
397 2343 550 2420 Ἀθηναίων
584 2344 742 2420 δεηθέντων,
770 2349 798 2406 ἐς
833 2346 981 2420 Σαλαμῖνα

177 2434 305 2512 κατίσχει
318 2434 367 2495 τάς
380 2436 457 2508 νῆας.
498 2432 583 2491 τῶνδε
603 2432 632 2491 δὲ
646 2431 735 2492 εἵνεκα
748 2431 982 2510 προσεδεήθησαν

178 2519 267 2580 αὐτῶν
291 2523 372 2598 σχεῖν
391 2519 462 2596 πρός
486 2521 633 2597 Σαλαμῖνα
652 2518 805 2596 Ἀθηναῖοι,
834 2519 878 2578 ἵνα
902 2519 982 2578 αὐτοὶ

177 2606 278 2670 παῖδάς
311 2633 341 2666 τε
376 2608 422 2666 καὶ
453 2612 585 2688 γυναῖκας
615 2606 842 2689 ὖπεξαγάγωνται
872 2613 902 2666 ἐκ
932 2612 982 2683 τῆς

177 2694 314 2771 Ἀττικῆς,
339 2695 409 2772 πρός
433 2695 462 2755 δὲ
486 2697 531 2755 καὶ
556 2696 769 2772 βουλεύσωνται
793 2695 826 2756 τό
850 2695 982 2771 ποιητέον

178 2783 289 2843 αὐτοῖσι
304 2786 392 2844 ἐσται.
434 2785 479 2844 ἐπὶ
495 2786 549 2865 γὰρ
567 2788 643 2844 τοῖσι
662 2784 815 2859 κατήκουσι
831 2783 982 2863 πρήγμασι

178 2871 290 2948 βουλήν
304 2873 424 2950 ἔμελλον
437 2873 616 2948 ποιήσεσθαι,
631 2872 667 2935 οἷς
681 2873 847 2950 ἐψευσμένοι
860 2870 981 2952 γνώμης·

179 2961 319 3025 δοκέοντες
331 2961 386 3042 γάρ
401 2961 528 3038 εὑρήσειν
539 2962 788 3036 Πελοποννησίους
800 2959 938 3036 πανδημεὶ
952 2964 983 3020 ἐν

179 3053 215 3126 τῇ
235 3051 354 3128 Βοιωτίῃ
372 3048 595 3123 ὕποκατημένους
612 3049 662 3108 τόν
679 3048 838 3125 βάρβαρον,
855 3051 911 3107 τῶν
930 3049 983 3124 μὲν

180 3133 260 3214 εὗρον
284 3137 363 3196 οὐδὲν
389 3135 442 3206 ἐόν,
469 3138 495 3193 οἶ
522 3135 552 3194 δέ
579 3137 763 3195 ἐπυνθάνοντο
789 3137 838 3196 τόν
863 3133 983 3213 Ἰσθμόν

181 3223 280 3287 αὕτούς
312 3223 476 3302 τειχέοντας,
511 3223 556 3280 καὶ
583 3221 634 3298 τήν
666 3223 887 3299 Πελοπόννησον
917 3223 983 3301 περὶ

181 3313 318 3370 πλείστου
354 3309 532 3376 ποιευμένους
565 3311 701 3384 περιεῖναί
734 3335 766 3370 τε
800 3311 846 3370 καὶ
878 3311 983 3384 ταύτην
