2276 3538
170 135 310 200 ιιι-ιιι]
536 133 648 182 mm.
919 136 966 183 113

166 243 217 276 τον
239 214 371 296 άργυρέου
391 211 498 291 ἑκάστῳ
519 211 622 289 δωρεὴν
642 211 739 288 δίδωμι
761 214 812 288 τῆς
835 211 966 282 ἀξιώσιος

169 305 328 377 είνεκατῆς
345 301 377 370 ἐξ
394 303 458 376 ἐμεῦ
476 303 574 380 γῆμαι,
589 301 635 358 καὶ
654 303 704 374 τῆς
724 301 755 369 ἐξ
775 300 851 359 οἴκου
864 300 966 377 οἷποδη

167 391 242 468 μίης·
262 393 301 468 τῷ
314 388 344 447 δέ
355 387 545 464 Ἀλκμαίωνος
555 387 703 468 Μεγακλέϊ
716 391 805 467 ἐγγυῶ
818 388 904 446 παῖδα
916 387 968 464 την

169 477 241 553 ἐμὴν.
251 476 430 556 Ἀγαρίστην,
445 472 558 550 νόμοισι
571 477 647 533 τοῖσι
660 473 837 549 Ἀθηναίων·”
879 476 967 552 φαμέ-

168 591 217 624 νου
240 565 270 623 δὲ
294 563 450 644 ἐγγυᾶσθαι
470 562 644 642 Μεγακλέος,
666 560 816 638 ἐκεκύρωτο
840 561 856 620 ὅ
878 560 968 641 γάμος

170 651 346 711 Κλεισθένεῖ.
1006 725 1009 730 ¹

209 738 300 815 Ἀμφὶ
329 739 381 814 μὲν
410 736 517 812 κρίσιος
544 740 600 796 τῶν
627 735 795 813 μνηστήρων
821 737 1012 798 τοσαῦτα131

170 825 287 904 ἐγένετο,
311 825 358 883 καὶ
382 824 452 882 οὕτω
475 823 691 900 Ἀλκμαιωνίδαι
719 824 890 901 ἐβώσθησαν
915 822 968 884 ῶνῶ

169 912 221 988 τήν
246 912 387 972 Ἑλλάδα·
418 910 523 972 τούτων
551 912 581 970 δέ
607 912 839 988 συνοικησάντων,
863 912 968 992 γίνεται

171 1002 345 1075 Κλεισθένης
367 1025 399 1058 τε
422 997 438 1058 ό
459 998 509 1061 τάς
529 998 621 1074 φυλάς
644 1001 690 1058 καὶ
709 999 762 1074 τὴν
782 1000 969 1077 δημοκρατίην

170 1087 345 1162 Ἀθηναίοισι
359 1085 546 1162 καταστήσας,
570 1088 639 1164 έχων
661 1087 693 1146 τὰ
716 1085 820 1164 οὕνομα
841 1087 897 1146 α’πδ
918 1090 969 1146 τοῦ

172 1172 382 1251 μητροπάτορος
405 1178 456 1234 τοῦ
480 1175 638 1238 Σικυωνίου·
660 1172 740 1238 οὗτός
759 1201 790 1234 τε
810 1174 844 1250 δή
864 1176 969 1255 γίνεται

173 1262 326 1342 Μεγακλέϊ,
354 1263 399 1320 καὶ
421 1261 616 1338 Ἱπποκράτης.
658 1267 688 1320 ἐκ
712 1262 742 1320 δὲ
764 1261 969 1338 Ἱπποκράτεος,

172 1350 340 1430 Μεγακλέης
352 1376 383 1408 τε
403 1349 498 1422 ἄλλος,
514 1349 559 1407 καὶ
572 1348 728 1430 Ἀγαρίστη
746 1349 831 1425 άλλη,
845 1347 902 1408 άπό
919 1353 970 1423 τῆς

173 1438 360 1500 Κλεισθένεος
371 1437 542 1518 Ἀγαρίστης
562 1439 667 1515 ἐχουσα
684 1437 718 1496 τό
736 1435 850 1514 οὔνομα·
870 1435 970 1511 ἢσυν·

173 1524 316 1599 οικήσασά
336 1551 367 1583 τε
387 1525 539 1603 Ξανθίππῳ
561 1529 599 1603 τῷ
619 1523 786 1602 Ἀρίφρονος
808 1525 854 1583 καὶ
875 1526 971 1605 ἔγκυος

173 1615 260 1670 ἐοῦσα
273 1611 327 1670 εἶδε
341 1611 406 1690 ὄψιν
419 1617 448 1671 ἐν
460 1615 499 1691 τῷ
510 1611 595 1691 ὕπνῳ·
610 1612 700 1672 ἐδόκεε
714 1613 743 1671 δέ
757 1613 858 1672 λέοντα
871 1616 969 1672 τεκεῖν·

174 1699 219 1757 καὶ
232 1698 291 1774 μετ’
304 1699 404 1780 ὀλίγας
415 1699 520 1776 ἡμέρας
532 1700 618 1760 τίκτει
632 1702 774 1778 Περικλέα
786 1702 948 1780 Ξανθίππῳ.

214 1786 296 1846 Μετὰ
308 1787 338 1845 δὲ
350 1787 383 1846 τά
397 1792 426 1846 ἐν
436 1789 590 1863 Μαραθῶνι
599 1792 696 1865 τρῶμα
708 1789 864 1869 γενόμενον,
874 1794 949 1848 Μιλ-
960 1790 1017 1848 132

173 1874 268 1950 τιάδης
292 1875 337 1933 καὶ
357 1874 493 1950 πρότερον
515 1874 678 1953 εὐδοκιμέων
699 1876 775 1953 παρά
796 1877 972 1952 Ἀθηναίοισι
1041 1913 1044 1920 .

173 1961 237 2020 τότε
257 1966 371 2038 μᾶλλον
387 1961 494 2031 αὔξετο·
516 1966 633 2037 αἰτῆσας
648 1963 678 2022 δέ
696 1965 758 2026 νέας
779 1964 971 2045 ἐβδομήκοντα

176 2049 221 2106 καὶ
242 2048 377 2125 στρατιήν
398 2075 429 2108 τε
451 2050 497 2108 καὶ
518 2050 648 2128 χρήματα
666 2051 731 2112 τούς
749 2049 920 2126 Ἀθηναίους,
939 2051 971 2110 ού

175 2136 288 2213 φράσας
315 2143 371 2211 σφι
395 2136 437 2194 ἐπ’
460 2136 495 2212 ἣν
518 2138 742 2213 ἐπιστρατεύεται
769 2137 870 2216 χώρην,
894 2137 972 2196 ἄλλά

176 2225 232 2298 φάς
250 2223 349 2286 αὐτούς
371 2229 584 2284 καταπλουτιεῖν
602 2224 636 2300 ἢν
655 2227 681 2283 οἱ
703 2225 830 2283 ἕπωνται·
853 2226 898 2283 ἐπὶ
916 2225 971 2305 γάρ

175 2311 268 2389 χάρην
283 2311 412 2387 τοιαύτην
425 2312 460 2388 δή
472 2337 534 2372 τινα
547 2311 622 2382 άξειν
636 2311 699 2372 ὅθεν
712 2311 820 2391 χρυσόν
841 2311 972 2376 εὐπετέως

176 2397 301 2472 ἄφθονον
322 2400 456 2459 οἴσονται·
478 2401 568 2480 λέγων
588 2403 712 2470 τοιαῦτα,
735 2393 879 2464 α’ίτεετιές
899 2402 971 2465 νέας·

174 2483 319 2561 Ἀθηναῖοι
332 2487 362 2545 δέ
370 2486 496 2570 τούτοισι
510 2487 672 2565 ἐπαρθέντες
684 2489 852 2565 παρέδοσαν.
893 2495 952 2548 Πα-
963 2491 1018 2549 133

175 2573 312 2650 ραλαβῶν
333 2574 362 2633 δέ
382 2573 398 2634 ό
417 2575 574 2650 Μιλτιάδης
593 2575 645 2651 τὴν
667 2577 802 2652 στρατιήν
823 2578 905 2636 ἔπλεε
926 2579 971 2636 ἐπὶ

177 2661 282 2737 Πάρον,
296 2661 443 2738 πρόφασιν
461 2665 529 2741 έχων
550 2663 585 2726 ῶς
605 2667 631 2722 οἱ
645 2662 748 2740 Πάριοι
761 2663 887 2741 ύπῆρξαν
905 2665 972 2742 πρό-

176 2773 251 2822 τεροι
272 2749 488 2827 στρατευόμενοι
509 2750 615 2827 τριήρεϊ
633 2755 660 2813 ἐς
680 2753 842 2828 Μαραθῶνα
859 2751 918 2829 ἅμα
935 2756 973 2831 τῷ

178 2837 288 2916 Πέρσῃ,
330 2839 424 2918 (τοῦτο
441 2840 492 2914 μὲν
512 2838 546 2914 δὴ
566 2837 721 2916 πρόσχημα
736 2837 824 2919 λόγου
837 2839 880 2913 ἦν·
902 2839 972 2916 ἀτάρ

177 2949 239 2982 τινα
253 2926 298 2983 καὶ
312 2927 425 3006 ἔγκοτον
438 2925 495 3004 εἶχε
508 2930 584 2986 τοῖσι
597 2926 732 3002 Παρίοισι
747 2925 791 2984 διά
805 2926 973 3007 Λυσαγόρεα

177 3011 227 3070 τόν
247 3013 357 3086 Τισίεω,
384 3012 463 3072 ἐόντα
485 3015 564 3094 γένος
587 3013 704 3090 Πάριον,
728 3013 903 3087 διαβαλόντα
925 3038 974 3089 μιν

178 3099 248 3175 πρὸς
260 3100 395 3177 Ὑδάρνεα
410 3101 460 3160 τόν
473 3102 611 3180 Πέρσην.)
653 3100 819 3174 ἀπικόμενος
834 3099 864 3158 δὲ
880 3104 907 3162 ἐς
918 3100 974 3174 ’τὴν

179 3186 262 3246 ἐπλεε
277 3188 293 3247 ό
308 3188 464 3264 Μιλτιάδης
482 3193 517 3266 τῇ
534 3193 653 3266 στρατιῇ
667 3185 827 3260 ἐπολιόρκεε
841 3187 973 3262 Παρίους,

179 3276 393 3352 κατειλημένους
408 3273 484 3338 ἐντδς
503 3278 617 3352 τείχεος·
639 3273 685 3332 καὶ
698 3271 848 3345 ἐσπέμπων
869 3272 974 3346 κήρυκα
