2268 3536
172 139 186 182 ο
483 138 667 186 ·ιινοιοτοτ
856 135 861 145 ’
927 139 971 204 [ν.

172 217 283 286 πόλιας,
298 216 397 276 αὐτίκα
415 217 662 280 διασκεδασθέντες
681 217 740 277 κατ’
759 218 875 282 ἑωυτούς
892 221 971 282 ἔκασ-

170 330 215 363 τοι
231 305 391 381 ἐτράποντο,
408 307 452 364 καί
471 307 658 384 παρεδιδοσαν
674 307 766 382 σφέας
782 305 882 370 αύτούς
898 314 973 369 τοῖσι

172 393 315 472 Πέρσῃσι·
345 393 415 454 οὕτω
443 395 477 470 δη
503 394 631 454 Παιάνων
664 396 843 471 Σιροπαίονές
870 423 901 455 τε
928 399 973 456 καὶ

171 483 319 542 Παιόπλαι
340 484 385 542 καὶ
406 487 433 542 οἱ
456 511 540 562 μεχρι
560 488 610 558 τῆς
630 484 793 560 Πρασιάδος
813 485 921 562 λίμνης,
943 489 974 558 ἐξ

123 569 261 646 16ἤθέων
279 572 487 642 ἐξαναστάντες,
501 599 603 653 ηγοντο
622 577 650 635 ἐς
665 573 716 648 την
736 572 844 648 Ἀσίην.
890 579 926 633 Οἱ
943 576 973 635 δὲ

169 662 233 737 περὶ
247 661 279 722 τά
294 662 442 743 Πάγγαιον
456 660 537 739 οὖρος
553 662 598 720 καὶ
612 661 747 738 Δόβηρας
765 662 810 720 καὶ
823 661 973 743 Ἀγριᾶνας

170 749 216 807 καὶ
223 749 413 826 Ὀδομάντους
423 750 469 808 καὶ
479 749 565 825 αὐτὴν
575 750 627 826 τήν
637 751 739 827 λίμνην
748 750 800 826 την
810 752 970 828 Πρασιάδα,

169 836 219 896 ούκ
239 838 427 916 ἐχειρώθησαν
440 837 531 916 άρχην
544 839 599 898 υπά
613 838 797 920 Μεγαβάζου.
840 841 971 918 ἐπειρήθη

168 925 198 984 δέ
212 927 258 985 καί
271 926 336 990 τούς
350 933 378 986 ἐν
391 931 427 1005 τῇ
437 929 522 1007 λίμνῃ
534 928 672 1004 ἐξαιρέειν,
688 925 739 986 ὦδε
748 931 970 1005 κατοικημένους·

169 1017 242 1092 ἰκρία
257 1015 302 1074 ἐπὶ
315 1020 443 1092 σταυρῶν
452 1016 568 1093 ὑψηλῶν
579 1017 727 1096 ἐζευγμένα
741 1021 769 1074 ἐν
782 1018 858 1096 μέση
870 1019 970 1094 ἕστηκε

169 1106 205 1182 τῇ
219 1105 313 1182 λίμνη,
326 1105 424 1164 ἔσοδον
439 1109 468 1163 ἐκ
482 1109 532 1180 τῆς
545 1103 661 1182 ἠπείρου
676 1105 788 1180 στεινὴν
807 1107 907 1184 ἔχοντα
919 1111 971 1187 μιῇ

168 1193 288 1273 γεφύρῃ·
315 1193 380 1258 τούς
400 1194 429 1253 δὲ
450 1193 588 1272 σταυρούς
611 1193 675 1258 τούς
698 1193 874 1258 ὑπεστεῶτας
894 1201 970 1254 τοῖσι

170 1283 283 1358 ἰκρίοισι
299 1283 331 1344 τά
345 1284 397 1360 μέν
411 1310 460 1343 κου
474 1283 591 1362 άρχαῖον
602 1283 728 1361 ἔστησαν
742 1288 819 1362 κοινῇ
830 1282 930 1345 πάντες
944 1289 970 1342 οἱ

167 1376 310 1447 πολιῆται·
337 1372 409 1448 μετά
429 1372 466 1441 δὲ,
483 1372 558 1451 νόμῳ
573 1373 724 1450 χρεώμενοι
746 1375 844 1430 ἱστᾶσι
865 1371 969 1446 τοιῷδε·

168 1462 326 1534 κομίζοντες
337 1461 367 1530 ἐξ
380 1460 475 1536 ούρεος
488 1465 526 1538 τῷ
539 1459 643 1534 ούνομά
657 1465 718 1517 ἐστι
727 1457 884 1533 Ὀρβηλας,
899 1458 969 1516 κατά

167 1551 285 1626 γυναῖκα
298 1546 419 1622 ἑκάστην
432 1546 447 1605 ά
460 1549 571 1626 γαμέων
584 1549 657 1622 τρεῖς
671 1543 808 1620 σταυρούς
821 1544 968 1621 ύπίστησι·

167 1633 264 1714 άγεται
279 1635 308 1694 δὲ
323 1636 440 1696 ἕκαστος
454 1634 560 1713 συχνάς
578 1637 717 1714 γυναῖκας.
741 1636 847 1692 οἰκεῦσι
866 1633 895 1692 δὲ
913 1661 969 1694 τοι·

167 1727 249 1781 οῦτον
259 1723 372 1800 τρόπον,
386 1721 506 1799 κρατέων
520 1723 638 1785 ἕκαστος
652 1722 765 1783 ἐπὶτῶν
780 1723 871 1799 ἰκρίων
885 1723 968 1784 καλύ-

167 1811 224 1886 βης
234 1837 266 1870 τε
275 1817 303 1870 ἐν
317 1809 336 1890 ᾗ
351 1812 495 1883 διαιτᾶται,
512 1811 557 1869 καὶ
572 1810 655 1888 θύρης
669 1815 846 1888 καταπακτῆς
856 1813 902 1871 διά
914 1817 968 1874 τῶν

166 1899 259 1974 ἰκρίων
280 1899 353 1958 κάτω
374 1898 516 1976 φερούσης
534 1904 561 1962 ἐς
578 1899 631 1975 τήν
651 1901 762 1978 λίμνην·
785 1901 822 1960 τά
840 1901 869 1960 δὲ
883 1901 967 1978 νήπια

166 1986 264 2046 παιδία
286 1987 381 2047 δέουσι
401 1992 450 2046 τοῦ
472 1988 557 2051 ποδὸς
573 1989 697 2069 σπάρτῳ,
714 1989 754 2066 μὴ
774 1992 968 2068 κατακυλισθῇ

149 2075 360 2151 δειμαίνοντες·
397 2079 475 2135 τοῖσι
496 2078 525 2135 δὲ
547 2077 659 2138 ἵπποισι
680 2079 726 2136 καὶ
743 2082 820 2137 τοῖσι
838 2077 966 2160 ύποζυγί-

165 2191 223 2224 οισι
239 2166 396 2246 παρέχουσι
411 2165 515 2245 χόρτον
536 2167 623 2246 ἰχθῦς·
652 2172 707 2227 τῶν
727 2166 757 2226 δὲ
777 2167 967 2242 πλῆθάςέστι

163 2259 316 2326 τοσοῦτον,
339 2255 411 2315 ὥστε
435 2253 501 2315 ὅταν
527 2255 579 2332 τήν
607 2256 693 2334 θύρην
715 2255 766 2332 τὴν
787 2257 967 2332 καταπακτήν

166 2341 310 2420 ἀνακλίνῃ,
338 2345 425 2403 κατίει
457 2371 563 2424 σχοινῳ
589 2346 712 2424 σπυρίδα
742 2344 835 2421 κεινὴν
862 2350 890 2408 ἐς
915 2347 967 2421 την

166 2431 276 2507 λίμνην,
291 2431 337 2489 καὶ
351 2431 383 2490 ού
398 2436 509 2492 πολλου
521 2459 583 2492 τινα
593 2459 696 2512 χρονον
707 2434 839 2513 ε’πισχάν,
851 2434 966 2513 άνασπᾷ

163 2518 274 2596 πλήρεα
302 2519 411 2598 ἰχθύων.
453 2524 508 2578 τῶν
533 2521 562 2578 δὲ
585 2522 686 2598 ἰχθύων
710 2525 772 2580 ἐστὶ
797 2523 879 2602 γένεα
908 2523 964 2592 δύο,

163 2607 228 2670 τούς
245 2609 380 2666 καλέουσι
395 2606 544 2684 πάπρακάς
559 2633 590 2666 τε
607 2609 652 2666 καί
665 2611 793 2671 τίλωνας.
836 2610 964 2670 Παιόνων

162 2698 214 2772 μὲν
228 2697 261 2772 δὴ
276 2700 303 2754 οἱ
315 2696 491 2774 χειρωθέντες
504 2695 606 2777 ἤγοντο
621 2702 648 2760 ἐς
661 2697 713 2772 τὴν
725 2695 835 2773 Ἀσίην.

117 2783 152 2842 17
206 2784 379 2865 Μεγάβαζος
413 2784 443 2842 δέ
478 2783 513 2846 αἰς
540 2784 711 2863 ἐχειρώσατο
740 2785 806 2850 τούς
832 2786 963 2860 Παίονας,

164 2873 268 2949 πέμπει
277 2872 415 2952 άγγέλους
426 2878 453 2935 ἒς
464 2873 640 2950 Μακεδονίην
650 2873 750 2952 ἄνδρας
761 2874 830 2934 ἑπτά
841 2876 963 2952 Πέρσας,

256 2959 423 2980 ’τλῆ
493 2960 506 2984 9

165 2960 192 3019 οἳ
204 2987 257 3038 μετ
279 2986 363 3020 αυτον
381 2987 470 3020 κιινον
488 2987 563 3037 ησαν
582 2962 764 3040 δοκιμώτατοι
781 2969 810 3023 ἐν
828 2968 866 3044 τῷ
880 2991 963 3042 στρα-

160 3050 277 3130 τοπέδῳ·
299 3050 457 3126 ἐπέμποντο
472 3050 502 3108 δέ
515 3049 591 3110 οὗτοι
605 3051 669 3128 παρ’
682 3051 822 3129 Ἀμύντην
836 3053 962 3129 αἰτήσω·

161 3163 206 3202 τες
218 3143 272 3220 γῆν
285 3164 316 3198 τε
330 3139 376 3198 καὶ
386 3137 457 3216 ὕδωρ
472 3139 580 3218 Δαρείῳ
593 3141 721 3216 βασιλέϊ,
753 3143 815 3201 ἔστι
829 3141 858 3200 δὲ
872 3147 902 3200 ἐκ
915 3145 964 3216 τῆς

105 3276 107 3282 ,
162 3227 326 3303 Πρασιάδος
349 3229 451 3306 λίμνης
471 3227 609 3306 σύντομος
633 3229 721 3307 κάρτα
745 3235 773 3293 ἐς
795 3229 847 3304 την
868 3235 964 3287 ΙΜακε-

161 3313 266 3392 δονίην·
304 3321 401 3393 πρῶτα
433 3319 485 3394 μὲν
511 3317 566 3394 γάρ
601 3317 693 3394 ἔχεται
719 3321 770 3394 τῆς
796 3319 897 3394 λίμνης
929 3317 963 3378 τά
1025 3405 1031 3416 .
