2262 3534
195 135 243 186 τοι
501 134 683 185 Ήνοαοτοτ
931 134 994 199 [IX.

196 215 283 290 φέρον
311 213 345 274 τῦ
374 217 533 290 Τισαμενοῦ
559 213 701 291 μαντήϊον,
728 215 823 294 μισθῷ
848 219 995 292 ἐπειρῶντο

195 303 341 363 πείσαντες
369 301 525 377 Τισαμενδν
546 303 690 362 ποιέεσθαι
712 303 769 379 ἅμα
792 304 996 380 Ἡρακλειδέων

195 393 271 448 τοῖσι
288 389 448 465 βασιλεῦσι
465 390 589 470 ήγεμάνα
605 395 659 449 τῶν
678 393 816 466 πολέμων·
839 391 898 451 ὁδὶ
911 392 996 468 ὁρέων

197 478 259 552 περὶ
280 481 391 536 πολλοῦ
416 480 592 555 ποιευμένους
614 479 790 556 Σπαρτιήτας
809 481 895 555 φίλον
913 481 996 542 αῦτὸν

197 567 382 642 προσθέσθαι,
403 567 499 644 μαθοῦν
519 571 603 626 τοῦτο
623 565 746 644 ἀνετίμα,
768 569 911 644 σημαίνων
931 575 996 644 σφι,

197 653 232 716 ὦς
244 652 278 730 ἧν
291 681 338 730 μιν
355 655 493 730 πολιήτην
511 657 649 733 σφέτερον
667 655 838 731 ποιήσωνται
855 661 908 716 τῶν
929 657 997 718 πάν*

197 769 250 800 των
271 742 469 818 μεταδιδόντες,
491 743 604 818 ποιήσει
624 748 720 804 ταῦτα·
742 743 784 804 ἐπ’
805 743 883 824 ἄλλῷ
903 747 997 824 μισθῷ

198 830 220 890 δ’
242 830 283 890 οῦ·
306 833 487 907 Σπαρτιῆται.
500 831 537 899 δέ,
557 837 653 908 πρῶτα
671 835 722 909 μὲν
737 832 904 895 ἀκούσαντες
922 833 996 893 δεινδ

199 923 347 990 ἐποιεῦντο,
362 920 407 978 καὶ
421 921 553 995 μετίεσαν
571 925 621 996 τῆς
638 921 839 1000 χρησμοσύνης
856 920 888 980 τά
908 920 998 998 παρά·

199 1033 263 1065 παν·
283 1008 365 1070 τέλος
378 1006 416 1076 δὲ,
430 1007 558 1084 δείματος
573 1009 700 1089 μεγάλου
718 1009 935 1086 ἐπικρεμαμένου
948 1013 998 1068 τοῦ

201 1099 342 1171 Περσικοῦ
355 1095 454 1156 τούτου
468 1097 683 1173 στρατεύματος,
695 1098 837 1156 καταίνεον
849 1096 997 1174 μετιόντες·

199 1183 214 1242 ὁ
234 1184 263 1242 δὲ
280 1182 363 1264 γνοῦς
377 1185 581 1260 τετραμμένους
601 1185 701 1259 σφέας,
723 1183 777 1244 οὐδ’
797 1184 868 1244 οῦτω
886 1186 941 1260 ἐφη
959 1187 998 1244 ἔτι

199 1271 348 1347 ἀρκέεσθαι
363 1273 489 1332 τούτοισι
506 1272 643 1349 μούνοισι,
658 1271 738 1330 ἀλλὰ
754 1272 810 1331 δεῖν
829 1274 868 1332 ἐτι
887 1274 932 1332 καὶ
949 1273 998 1334 τόν

200 1357 339 1435 άδελφεόν
363 1363 463 1420 ἑωυτοῦ
486 1359 587 1441 Ἡγίην
608 1361 737 1441 γίνεσθαι
756 1360 933 1436 Σπαρτιήτην
954 1363 998 1422 ἐπὶ

199 1452 275 1508 τοῖσι
302 1448 413 1508 αῦτοῖσι
445 1449 559 1529 λόγοισι
590 1453 667 1510 τοῖσι
696 1449 742 1508 καὶ
771 1447 854 1512 αῦτδς
885 1451 998 1531 γίνεται.

153 1538 191 1595 34
200 1541 294 1596 Ταῦτα
322 1538 351 1596 δὲ
374 1539 464 1618 λέγων
491 1536 570 1600 οὗτος
598 1538 724 1614 ἐμιμέετο
752 1537 939 1614 Μελάμποδα,
964 1537 999 1602 (ῦς

202 1624 310 1684 εἰκάσαι
322 1625 480 1700 βασιληίην
492 1651 522 1684 τε
536 1626 582 1682 καὶ
596 1626 752 1701 πολιτηίην,
768 1624 933 1701 αἰτεόμενος·
954 1627 1000 1686 καὶ

200 1710 254 1792 γάρ
282 1712 316 1787 δή
345 1714 390 1770 καὶ
414 1713 597 1789 Μελάμπους,
621 1717 675 1774 τῶν
700 1719 728 1774 ἐν
746 1712 845 1793 Ἀργεϊ
866 1718 999 1794 γυναικῶν

200 1801 361 1876 μανεισέων,
377 1799 411 1863 ὥς
425 1825 473 1875 μιν
491 1804 517 1860 οἱ
534 1799 657 1881 Ἀργεῖοι
676 1803 842 1877 ἐμισθοῦντο
859 1807 888 1860 ἐκ
903 1801 999 1861 Πύλου

201 1891 308 1947 παῦσαι
327 1887 377 1950 τάς
393 1890 532 1964 σφετέρας
554 1893 684 1969 γυναῖκας
701 1893 751 1966 τῆς
768 1889 877 1959 νοῦσου,
898 1889 1000 1966 μισθὸν

202 1977 378 2052 προετείνατο
395 1981 445 2052 τῆς
465 1978 620 2053 βασιληίης
639 1979 672 2037 τὸ
693 1977 793 2054 ἥμισυ·
815 1976 865 2038 οῦκ
881 1977 1000 2058 ἀνασχο-

202 2065 290 2141 μένων
304 2064 332 2123 δέ
349 2069 403 2124 τῦν
416 2064 548 2146 Ἀργείων
564 2065 629 2124 ἀλλ’
648 2065 792 2135 ἐπιόντων,
808 2066 843 2130 οἷς
859 2067 1002 2142 ἐμαίνοντο

202 2157 302 2231 πολλῷ
322 2158 438 2216 πλεῦνες
458 2157 512 2212 τῶν
532 2159 676 2234 γυναικῶν,
694 2153 764 2214 οὕτω
780 2154 814 2229 δή
832 2153 1002 2218 ῦποστάντες

202 2240 238 2300 τά
264 2240 280 2300 ὁ
308 2240 482 2317 Μελάμπους
506 2243 686 2318 προετείνετο,
710 2241 795 2317 ἤϊσαν
819 2242 954 2305 δείσαντές
974 2246 1001 2302 οἶ

203 2334 298 2388 ταῦτα·
320 2327 336 2388 ὁ
359 2329 388 2388 δὲ
410 2331 527 2388 ἐνθαῦτα
549 2330 583 2404 δή
609 2331 776 2410 ἐπορέγεται,
797 2330 882 2406 ὁρέων
905 2330 1004 2394 αῦτοῦς

204 2418 414 2494 τετραμμένους,
436 2418 500 2492 φάς,
523 2416 557 2492 ἢν
577 2419 616 2494 μή
639 2419 684 2476 καὶ
705 2423 743 2496 τῷ
762 2418 891 2496 ἀδελφεῷ
908 2420 1004 2478 Βίαντι

202 2505 343 2581 μεταδῶσι
356 2504 389 2564 τῦ
402 2506 580 2582 τριτημόριον
594 2512 643 2581 τῆς
655 2506 818 2582 βασιληίης,
831 2505 863 2566 οῦ
876 2506 1004 2581 ποιήσειν

203 2591 239 2652 τά
256 2591 419 2667 βούλονται·
441 2596 467 2652 οἱ
486 2593 515 2652 δὲ
528 2593 659 2674 Ἀργεῖοι,
677 2594 872 2670 ἀπειληθέντες
891 2598 918 2656 ἐς
932 2619 1005 2652 στει-

159 2686 195 2741 35
204 2679 259 2748 νῦν,
274 2681 450 2740 καταινέουσι
464 2682 510 2739 καὶ
523 2686 630 2742 ταῦτα·
659 2681 708 2745 Ὦς
720 2682 750 2742 δὲ
764 2683 809 2741 καὶ
823 2684 1004 2758 Σπαρτιῆται,

205 2765 312 2826 ἐδέοντο
328 2766 383 2848 γὰρ
402 2767 493 2830 δεινῶς
509 2773 559 2827 τοῦ
577 2775 745 2847 Τισαμενοῦ,
761 2769 867 2832 πάντως
886 2769 1005 2848 συνεχώ-

204 2854 267 2931 ρεόν
281 2857 316 2914 οἱ·
339 2856 580 2936 συγχωρησάντων
594 2858 623 2917 δέ
638 2861 682 2918 καὶ
696 2862 782 2918 ταῦτα
799 2863 853 2917 τιῦν
868 2859 1006 2934 Σπαρτιη-

206 2943 281 3013 τέων,
297 2943 366 3002 οῦτω
381 2943 413 3018 δή
428 2944 509 3004 πέντε
529 2952 584 3020 σφι
602 2946 803 3023 μαντευόμενος
822 2945 929 3025 ἀγῶνας
943 2945 1006 3008 τοῦς

204 3031 354 3111 μεγίστους
368 3032 552 3109 Τισαμενὸςὸ
568 3032 689 3104 Ἠλεῖος,
703 3034 850 3114 γενόμενος
867 3033 1006 3108 Σπαρτιή-

203 3144 260 3193 της,
280 3121 481 3200 συγκαταιρέει·
503 3124 602 3196 μοῦνοι
622 3121 651 3178 δὲ
672 3121 705 3195 δή
727 3120 836 3180 πάντων
856 3118 1007 3195 ἀνθρώπων

205 3206 331 3284 ἐγένοντο
348 3205 425 3265 οῦτοι
441 3206 635 3286 Σπαρτιήτῃσι
652 3213 791 3283 πολιῆται.
833 3212 859 3266 οἱ
878 3207 907 3265 δέ
924 3207 1007 3266 πέντε

204 3290 308 3370 ἀγῶνες
323 3293 381 3353 οἶδε
403 3294 539 3374 ἐγένοντο·
561 3293 599 3355 εἶς
617 3297 670 3371 μὲν
688 3297 734 3353 καὶ
751 3299 868 3367 πρῶτος,
890 3291 1007 3356 οῦτοςῦ
