2276 3538
175 186 206 232 οι
482 187 664 236 Ἡνοιουοτ
914 183 976 248 [VI.

176 262 301 338 σαμένου
324 263 498 343 Λευτυχίδεω
522 266 673 342 Πέρκαλον
695 265 748 340 τήν
774 264 901 325 Χίλωνος
926 268 977 323 τοῦ

173 351 360 427 Δημαρμένου
379 352 524 432 θυγατέρα,
540 353 556 412 6
574 352 742 427 Δημάρητος
761 349 976 427 ἐπιβουλεύσας,

173 435 326 516 άποστερεῖ
338 441 508 520 Λευτυχίδεα
521 445 571 500 τοῦ
584 440 684 520 γάμου,
700 438 816 516 φθάσας
829 437 912 502 αύτδς
924 439 976 516 τήν

174 527 324 604 Πέρκαλον
341 528 471 605 ἁρπάσας
484 529 530 587 καὶ
544 528 623 606 σχών
635 531 762 608 γυναῖκα.
804 525 875 585 κατά
891 529 975 587 τοῦτο

172 616 225 691 μὲν
237 621 275 695 τῷ
289 616 476 695 Λευτυχιδηή
491 617 577 695 ἔχθρη
590 616 609 691 ἦ
624 621 651 679 ἐς
667 614 718 675 τόν
731 614 900 692 Δημάρητον
917 620 974 696 ἐγε-

171 701 260 783 γόνεε·
280 703 345 763 τότε
361 703 390 762 δὲ
405 707 435 761 ἐκ
448 707 498 779 τῆς
512 705 686 779 Κλεομένεος
699 704 855 780 προθυμίης
875 701 891 761 6
905 710 973 762 Λευ-

170 791 284 869 τυχίδης
314 790 482 866 κατόμνυται
510 791 687 868 Δημαρήτου,
716 791 773 866 φάς
807 788 892 850 αύτόν
923 789 974 850 ούκ

171 879 332 954 ἱκνεομένως
345 879 510 954 βασιλεύειν
522 881 716 956 Σπαρτιητέων
730 879 778 938 οὐκ
793 877 873 938 ἐόντα
886 879 973 939 παῖδα

170 963 348 1041 Ἀρίστωνος·
369 965 440 1042 μετά
454 967 484 1026 δὲ
497 967 549 1043 τήν
564 969 741 1043 κατωμοσίην
755 967 847 1026 ἐδίωκε
865 965 973 1026 άνασύ·

172 1052 225 1123 ζων
247 1057 334 1112 έκεῖνο
354 1053 387 1114 τό
410 1055 475 1118 έπος
494 1057 527 1115 τά
550 1055 610 1114 εἶπε
628 1055 766 1133 Ἀρίστων
787 1054 859 1124 τότε,
879 1054 926 1114 ὅτε
946 1059 972 1114 οἶ

175 1140 318 1223 ἐξήγγειλε
331 1141 347 1202 6
361 1143 468 1219 οἰκέτης
482 1144 569 1203 παῖδα
588 1145 739 1224 γεγονέναι,
754 1142 769 1202 6
789 1143 818 1200 δὲ
839 1144 972 1220 συμβαλ-

170 1229 304 1307 λεόμενος
316 1230 381 1294 τούς
393 1235 482 1307 μῆνας
492 1231 635 1308 α’πόμοσε,
648 1230 704 1306 φάς
715 1229 764 1289 ούκ
779 1233 878 1289 ἑωυτοῦ
893 1229 972 1290 εἶναι·

170 1318 270 1378 τούτου
294 1319 327 1396 δή
350 1320 522 1396 ἐπιβατεύων
543 1324 593 1379 τοῦ
613 1319 737 1397 ῥήματος
758 1318 774 1380 6
793 1319 971 1396 Λευτυχίδης,

170 1405 307 1482 α’πέφαινε
328 1407 377 1467 τόν
392 1409 561 1485 Δημάρητον
583 1407 646 1467 ούτε
664 1408 694 1476 ἐξ
706 1406 875 1483 Ἀρίστωνος
890 1431 970 1486 γεγο-

170 1493 245 1566 νότα,
270 1493 332 1554 οὔτε
355 1496 515 1575 ἱκνευμένως
535 1495 727 1571 βασιλεύοντα
747 1494 884 1570 Σπάρτης,
906 1492 971 1555 τούς

171 1579 290 1657 ἐφόρους
303 1582 444 1659 μάρτυρας
460 1584 651 1663 παρεχόμενος
671 1585 775 1645 κείνους
789 1581 815 1640 οἳ
827 1581 891 1640 τότε
912 1581 970 1640 ἐτυ-

170 1695 223 1748 χον
240 1668 375 1746 πάρεδροί
390 1695 421 1728 τε
438 1669 528 1734 ε’όντες
544 1673 589 1730 καὶ
608 1670 777 1734 α’κούσαντες
791 1673 878 1730 ταῦτα
895 1668 970 1747 Ἀρί-

123 1758 161 1816 66
171 1783 285 1820 στωνος.
317 1756 407 1820 Τέλος
420 1758 458 1829 δέ,
470 1758 568 1820 ἐόντων
581 1761 644 1836 περὶ
659 1759 749 1819 αὐτῶν
762 1759 879 1819 νεικέων·
895 1757 971 1828 ἔδοξε

171 1845 366 1924 Σπαρτιήτῃσι
382 1847 542 1924 ἐπείρεσθοι
557 1848 590 1908 τό
604 1848 778 1927 χρηστήριον
796 1847 829 1906 τά
850 1852 879 1906 ἐν
899 1851 969 1905 Δελ-

170 1936 254 2008 φοΐσι
268 1937 292 1992 εἶ
303 1933 472 2010 Ἀρίστωνος
485 1937 528 2012 εἴη
540 1941 605 2000 παῖς
619 1936 635 1996 6
650 1934 829 2013 Δημάρητος;
845 1933 971 2013 α’νῴστου

170 2021 200 2081 δέ
219 2022 370 2103 γενομένου
394 2028 423 2082 ἐκ
446 2026 578 2102 προνοίης
598 2029 649 2100 τῆς
674 2021 849 2100 Κλεομένεος
870 2027 898 2086 ἐς
918 2021 971 2098 τήν

169 2111 288 2186 Πυθίην,
307 2111 425 2171 ἐνθαῦτα
443 2115 643 2190 προσποιέεται
661 2112 824 2188 Κλεομένης
846 2109 970 2187 Κόβωνα

170 2198 220 2258 τόν
229 2198 462 2277 Ἀριστοφάντου,
472 2200 558 2278 ἄνδρα
569 2207 598 2260 ἐν
607 2203 752 2275 Δελφοῖσι
766 2198 970 2259 δυναστεύοντα

168 2288 313 2368 μέγιστον·
335 2287 350 2347 6
373 2287 402 2346 δὲ
424 2287 531 2364 Κόβων
555 2289 721 2364 Περίαλλαν
742 2287 794 2363 τήν
815 2285 970 2362 πρόμαντιν

168 2375 310 2437 ἀναπείθει
328 2375 364 2436 τά
380 2377 542 2452 Κλεομένης
561 2375 697 2452 ἐβούλετο
716 2376 852 2456 λέγεσθαι
865 2375 968 2455 λέγειν.

169 2463 240 2524 οὕτω
264 2465 298 2540 δή
321 2464 340 2539 ή
363 2464 465 2538 Πυθίη,
490 2463 696 2540 ἐπειρωτώντων
720 2468 774 2522 τῶν
797 2462 969 2538 θεοπρόπων,

169 2553 255 2628 ἔκρινε
263 2551 479 2627 μὴ’Λρίστωνος
487 2551 555 2610 εἶναι
564 2550 734 2627 Δημάρητον
744 2549 839 2608 παῖδα.
862 2549 970 2626 ὑστέρῳ

168 2641 263 2716 μέντοι
281 2637 372 2716 χρόνῳ
391 2636 539 2697 άνάπυστα
560 2640 668 2719 ἐγένετο
688 2642 783 2704 ταῦτα,
799 2635 845 2692 καὶ
863 2633 969 2707 Κόβων

168 2753 199 2787 τε
223 2727 309 2804 ἔφυγε
333 2730 363 2782 ἐκ
384 2728 508 2800 Δελφῶν
532 2728 578 2785 καὶ
598 2724 748 2800 Περίαλλα
770 2722 789 2798 ἦ
813 2719 968 2797 πρόμαντις

169 2811 297 2888 ἐπαύσθη
317 2815 367 2887 τῆς
386 2816 475 2889 τιμῆς.

71 2955 73 2960 .
122 2903 159 2963 67
202 2899 284 2960 Κατά
311 2902 363 2975 μὲν
389 2900 423 2977 δή
451 2898 623 2978 Δημαρήτου
646 2891 697 2975 τήν
721 2897 897 2958 κατάπαυσιν
918 2901 970 2974 τῆς

168 2989 324 3066 βασιληίης
342 2988 412 3049 οὕτω
431 2990 549 3071 ἐγένετο.
592 2988 691 3069 ἔφευγε
710 2988 739 3048 δέ
756 2985 925 3064 Δημάρητος
939 2992 970 3046 ἐκ

169 3078 299 3157 Σπάρτης
318 3084 344 3142 ἐς
363 3078 478 3154 Μήδους
497 3083 526 3138 ἐκ
544 3077 652 3137 τοιοῦδε
674 3077 801 3142 ὀνείδεος·
828 3076 901 3152 μετά
919 3079 970 3151 τῆς

168 3168 325 3244 βασιληίης
341 3167 392 3242 τὴν
412 3167 586 3226 κατάπαυσιν
600 3166 616 3226 ὁ
631 3167 799 3246 Δημάρητος
813 3165 883 3244 ἦρχε
896 3168 969 3241 αἶρε-

170 3256 226 3319 θεὶς
246 3255 344 3335 οἷρχήν.
386 3255 460 3331 ἦσαν
477 3259 529 3332 μὲν
547 3255 581 3331 δή
597 3257 803 3337 γυμνοπαιδίαν
832 3253 971 3329 θεωμένου

169 3343 198 3402 δέ
211 3349 261 3403 τοῦ
276 3343 454 3421 Δημαρήτου,
470 3345 485 3405 6
497 3345 667 3426 Λευτυχίδης
687 3344 808 3429 γεγονός
821 3341 875 3420 ἤδη
888 3339 971 3403 αύτός
