2276 3538
173 154 221 200 τοι
490 151 673 199 Ἠνοαοτοτ
894 135 971 212 [vn.

173 229 296 306 ρωτέρην
310 253 349 302 τε,
364 227 424 306 ἅμα
436 227 466 287 δὲ
478 229 612 304 τιμωρίην
624 253 655 286 τε
669 228 715 286 καὶ
727 227 802 286 τίσιν
815 228 973 308 γινομένην·

173 316 215 376 διδ
236 316 321 392 ύμέας
342 320 390 376 νῦν
411 316 464 398 ἐγώ
485 317 631 386 συνέλεξα,
646 317 689 374 ἶνα
702 316 735 374 τό
750 316 816 376 νοέω
832 315 974 391 πρήσσειν

171 403 346 482 ὑπερθέωμαι
366 405 440 481 ύμῖν.
482 405 588 480 μέλλω,
609 404 704 474 ζεύξας
724 403 773 463 τόν
793 402 973 478 Ἑλλήσπον-

171 517 228 562 τον,
248 497 315 552 ἐλᾶν
337 493 460 569 στρατόν
482 492 528 551 διά
549 497 598 567 τῆς
614 491 750 566 Εύρώπης
771 491 816 549 ἐπὶ
836 490 888 566 την
907 491 973 551 Ἑλ·

172 579 254 651 λάδα,
270 582 314 640 ἶνα
327 580 489 656 Ἀθηναίους
509 579 704 656 τιμωρήσομαι
725 578 781 637 ὅσα
802 578 836 654 δή
857 581 973 656 πεποιή·

173 695 240 728 κασι
260 670 375 745 Πέρσας
392 695 423 727 τε
440 669 485 726 καὶ
504 668 610 744 πατέρα
630 667 679 726 τόν
700 667 775 744 ἐμόν.
818 667 906 744 άριῖτε
920 671 974 745 μέν

172 783 220 816 νυν
236 758 282 815 καὶ
296 760 416 832 Δαρεῖον
433 756 544 815 ἰθύοντα
565 755 767 832 στρατεύεσθαι
784 757 829 814 ἐπὶ
842 756 906 820 τούς
926 755 973 817 ἅν-

174 845 240 920 δρας
254 844 382 924 ,τούτουςΙ
405 843 471 902 ἀλλ’
488 843 503 903 ό
521 847 572 920 μὲν
591 843 777 919 τετελεύτηκε,
797 845 842 902 καὶ
861 844 911 903 ούκ
931 847 971 914 ἐξ·

172 931 281 1012 (γένετό
301 935 328 990 οἱ
347 931 571 1008 τιμωρήσασθαυ
600 931 653 1011 ἐγώ
674 931 704 990 δὲ
725 931 794 1009 ύπέρ
816 958 847 990 τε
868 934 972 993 ἐκείνου

171 1020 284 1079 καὶτῶν
298 1019 393 1079 ἄλλων
405 1021 539 1096 Περσέων
553 1019 585 1078 ού
598 1019 733 1096 πρότερον
746 1019 893 1096 παύσομαι
907 1021 973 1097 πρὶν

169 1105 188 1182 ἢ
208 1109 262 1166 έλω
282 1134 313 1168 τε
334 1109 379 1166 καὶ
399 1107 520 1185 πυρώσω
539 1107 589 1170 τοὶς
605 1106 734 1182 Ἀθάνας·
756 1109 786 1166 οἵ
803 1135 836 1188 γε
857 1112 905 1185 ἐμὲ
926 1111 972 1167 καὶ

170 1198 276 1274 πατέρα
297 1198 346 1258 τόν
367 1197 434 1274 ἐμδν
446 1197 572 1274 ὑπῆρξαν
586 1195 668 1255 ἄδικα
683 1201 833 1260 ποιεῦντες.
875 1203 971 1275 πρῶτα

170 1288 222 1362 μέν
236 1291 263 1349 ἐς
278 1285 378 1364 Σάρδις
392 1286 519 1348 ἐλθόντες
531 1284 591 1360 ἅμα
603 1283 803 1365 Ἀρισταγόρῃ,
816 1289 866 1366 (τῷ
879 1291 970 1363 Μιλη

170 1375 230 1453 σίῳ,
247 1374 337 1454 δούλῳ
358 1375 387 1432 δὲ
409 1373 554 1453 ἦμετέρῳ,)
576 1372 739 1447 ἀπικόμενοι
763 1375 918 1451 ἐνέπρησαν
935 1376 972 1434 τά

168 1486 200 1521 τε
217 1460 310 1521 ἄλσεα
331 1463 376 1519 καὶ
398 1461 434 1520 τά
453 1461 507 1537 ἱρά·
529 1461 642 1536 δεύτερα
664 1461 693 1520 δὲ
717 1461 804 1538 ἡμέας
825 1463 869 1521 οἶα
891 1464 972 1540 ἔρξαν

170 1554 199 1611 ἐς
210 1549 262 1624 τὴν
282 1550 423 1625 σφετέρην
442 1548 615 1624 άποβάντας,
630 1547 676 1607 ὅτε
691 1551 778 1612 Δᾶτίς
798 1575 829 1608 τε
850 1551 895 1609 καὶ
907 1549 972 1628 Ἀρ-

168 1638 308 1714 ταφέρνης
332 1636 526 1716 ἐστρατήγεον,
551 1635 587 1696 τοὶ
609 1638 766 1696 ἐπίστασθέ
789 1665 840 1696 κου
861 1638 971 1703 πάντες·

168 1724 272 1784 τούτων
294 1726 389 1802 μέντοι
412 1725 501 1784 εἵνεκα
523 1723 679 1801 ἀνάρτημαι
702 1724 744 1784 ἐπ’
766 1725 865 1789 αύτούς
886 1752 971 1804 στρα-

169 1812 309 1873 τεύεσθαι·
333 1812 427 1893 ἀγαθά
450 1813 479 1870 δὲ
504 1818 533 1872 ἐν
557 1812 668 1872 αύτοῖσι
691 1813 795 1872 τοσάδε
819 1813 971 1892 ἀνευρίσκω

169 1900 356 1981 λογιζόμενος,
369 1905 392 1960 εἰ
404 1900 517 1964 τούτους
530 1927 561 1960 τε
576 1902 621 1959 καὶ
635 1900 699 1963 τούς
711 1901 838 1960 τούτοισι
851 1909 969 1978 πλησιο·

169 1987 275 2067 χώρους
297 1989 554 2066 καταστρεψόμεθα,
580 1988 606 2047 οἳ
632 1990 764 2051 Πέλοπος
788 1995 837 2048 τοῦ
861 1991 972 2072 Φρυγός

170 2078 298 2154 νέμονται
318 2078 420 2157 χώρην·
440 2081 495 2156 γῆν
515 2076 567 2152 την
588 2077 715 2153 Περσίδα
739 2077 911 2154 ἀποδέξομεν
932 2085 972 2159 τῷ

170 2165 238 2229 Διός
251 2167 339 2242 αἰθέρι
356 2165 557 2241 ὁμουρέουσαν·
580 2164 612 2222 ού
625 2163 680 2246 γάρ
695 2165 729 2240 δή
742 2165 835 2244 χώρην
848 2193 882 2246 γε
896 2167 970 2226 ούδε·

168 2254 236 2330 μίαν
250 2253 400 2330 κατόψεται
414 2252 429 2312 ὁ
443 2251 524 2327 ἥλιος
538 2250 658 2328 ὅμουρον
676 2258 777 2313 ἐοῦσαν
790 2258 826 2333 τῇ
839 2254 970 2335 ἡμετέρῃ,

168 2340 245 2400 ἄλλά
258 2349 350 2416 σφεας
362 2340 456 2401 πάσας
470 2339 525 2419 ἐγώ
538 2337 597 2416 ἅμα
611 2340 676 2416 ύμῖν
692 2342 760 2417 μίαν
775 2341 869 2420 χώρην
882 2343 970 2419 θήσω,

168 2429 214 2488 διά
227 2428 321 2503 πάσης
334 2427 480 2496 διεξελθών
493 2432 543 2502 τῆς
556 2427 701 2504 Εύρώπης
723 2429 899 2506 πυνθάνομαι
913 2430 971 2512 γάρ

170 2514 221 2574 ὧδε
243 2517 324 2594 ἔχειν·
346 2513 408 2574 ούτε
429 2515 491 2573 τινά
512 2515 597 2574 πόλιν
620 2515 725 2590 ἀνδρῶν
748 2516 885 2594 οὐδεμίαν,
908 2518 971 2578 οὔτε

168 2604 246 2666 ἔθνος
269 2602 347 2663 ούδὲν
370 2602 521 2679 ἀνθρώπων
542 2603 746 2664 ὑπολείπεσθαι
766 2606 800 2664 τό
821 2605 889 2681 η’μῖν
911 2606 971 2667 οἶόν

167 2717 199 2750 τε
225 2693 304 2751 ἔσται
331 2693 423 2751 ἐλθεῖν
446 2696 473 2754 ἐς
498 2691 600 2769 μάχην,
625 2689 729 2751 τούτων
756 2697 812 2752 τῶν
836 2694 971 2764 κατέλεξα

167 2779 437 2858 ὑπεξαραιρημένων·
466 2779 536 2838 ούτω
562 2780 592 2838 οἵ
615 2801 645 2836 τε
672 2779 740 2855 ἡμῖν
764 2782 847 2840 αἴτιοι
875 2782 970 2851 ἕξουσι

168 2868 280 2929 δούλιον
293 2868 383 2950 ζυγόν,
399 2870 429 2927 οἵ
445 2895 476 2927 τε
497 2866 622 2926 άναίτιοι.
666 2867 744 2944 ύμεῖς
758 2869 781 2927 δ’
795 2867 828 2928 ἅν
841 2895 891 2945 μοι
904 2869 971 2929 τάδε

168 2957 307 3020 ποιέοντες
326 2956 499 3034 χαρίζοισθε·
521 2955 604 3014 ἐπεὰν
618 2953 684 3030 ύμῖν
700 2956 817 3034 σημήνω
835 2957 884 3015 τόν
903 2957 969 3036 χρό-

168 3071 215 3104 νον
238 3050 264 3108 ἐς
285 3045 334 3104 τόν
356 3043 432 3120 ἥκειν
453 3043 501 3110 δεῖ,
519 3042 667 3117 προθύμως
687 3043 779 3101 πάντα
797 3045 859 3103 τινά
879 3045 970 3120 ύμέων

165 3132 267 3210 χρήσει
281 3135 417 3207 παρεῖναι·
439 3128 469 3190 ὃς
489 3127 522 3188 ἂν
543 3128 572 3186 δὲ
592 3131 661 3206 ἔχων
674 3131 728 3208 ἥκῃ
741 3134 970 3209 παρεσκευασμέ-

168 3243 216 3278 νον
237 3218 358 3295 στρατδν
378 3216 527 3282 κάλλιστα,
542 3215 623 3273 δώσω
637 3220 663 3274 οἱ
677 3217 751 3292 δῶρα
767 3216 802 3276 τά
816 3219 970 3293 τιμιώτατα

167 3307 307 3381 νομίζεται
321 3304 390 3362 εἶναι
404 3308 432 3361 ἐν
445 3302 588 3377 ἡμετέρου.
624 3305 741 3378 ποιητέα
754 3307 806 3378 μέν
820 3329 868 3365 νυν
880 3308 969 3366 ταῦτα’
