2262 3534
174 165 221 213 ιιι
478 163 661 213 ἀυοαουου
908 159 973 225 [υς.

172 273 260 327 ρεσαν
273 237 362 308 αύτῶν
376 248 544 318 ἑξακοσίους,
562 247 627 312 τούς
641 249 671 308 δέ
683 247 801 313 λοιπούς
816 246 976 327 κατήραέαν

125 340 164 398 70
174 336 315 401 διώκοντες
329 343 356 401 ἐς
368 336 417 398 τόν
427 338 599 412 Κιθαιρῶνα.
636 334 722 395 Οὗτοι
732 339 784 412 μὲν
794 335 828 413 δῆ
843 341 871 396 ἐν
885 338 975 398 οὐδενὶ

173 424 250 506 λόγῳ
266 425 422 485 ἀπόλοντο·
444 429 470 484 οἱ
489 427 518 484 δὲ
537 426 648 502 Πέρσαι
666 425 711 482 καὶ
730 424 745 482 ά
763 423 853 488 ἄλλος
866 423 973 501 ὅμιλος,

173 511 208 575 οἷς
218 514 376 594 κατέφυγον
390 520 417 577 ἐς
428 513 462 573 τά
477 512 588 583 ξύλινον
595 517 696 592 τεῖχος,
711 513 840 588 ἔφθησαν
855 513 900 571 ἐπὶ
910 513 976 578 τούς

129 594 141 604 ”
173 602 295 684 πύργους
309 601 464 678 ἀναβάντες
476 601 542 679 πρὶν
554 599 573 678 ἢ
585 602 650 665 τούς
663 601 897 678 Λακεδαιμονίους
912 602 976 662 α’πι·

174 691 283 751 κέσθαι·
305 690 460 768 ἀναβάντες
473 690 503 748 δέ
516 688 673 766 ἐφράξαντο
684 689 719 752 οἷς
728 688 862 764 ἠδυνέατο
872 688 977 767 άριστα

173 779 206 838 τό
230 783 332 860 τεῖχος·
361 778 577 855 προσελθόντων
604 778 633 837 δέ
660 782 714 838 τῶν
742 778 975 854 Λακεδαιμονίων,

175 867 343 942 κατεστήκεέ
356 873 412 942 σφι
424 868 591 946 τειχομαχίη
610 867 841 944 ἐρρωμενεστέρη·
864 867 912 930 ἔως
924 869 976 944 μὲν

176 954 231 1034 γάρ
253 954 368 1031 α’πῆσαν
383 959 409 1014 οἱ
421 954 573 1030 Ἀθηναῖοι,
588 958 615 1013 οἱ
628 954 651 1012 δ’
664 953 807 1030 ήμύνοντο
818 955 863 1013 καὶ
876 958 977 1034 πολλῷ

175 1043 264 1102 πλέον
280 1043 356 1122 εἶχον
373 1047 428 1102 τῶν
451 1043 682 1119 Λακεδαιμονίων,
697 1041 770 1101 ὥστε
794 1041 844 1101 οὐκ
862 1047 976 1103 ἐπιστα-

173 1132 263 1208 μένων
280 1133 481 1211 τειχομαχέειν·
503 1130 539 1193 ὦς
559 1132 590 1189 δέ
609 1137 664 1206 σφι
681 1133 707 1188 οἱ
722 1129 867 1207 Ἀθηναῖοι
886 1158 976 1209 προσ-

174 1220 273 1294 ῆλθον,
288 1219 358 1278 οὕτω
375 1219 408 1295 δή
426 1219 528 1298 ἰσχυρὴ
546 1219 651 1299 ἐγίνετο
669 1219 836 1298 τειχομαχίη
851 1220 897 1278 καὶ
909 1219 975 1299 χρό-

176 1331 225 1366 νον
246 1309 291 1366 ἐπὶ
318 1307 438 1367 πολλόν·
472 1309 554 1370 τέλος
574 1305 613 1376 δέ,
636 1305 720 1385 άρετῆ
742 1333 773 1366 τε
795 1309 841 1366 καὶ
858 1310 976 1386 λιπαρίῃ

126 1393 133 1439 ἶ
175 1395 323 1470 ἐπέβησαν
338 1395 482 1470 Ἀθηναῖοι
498 1399 549 1454 τοῦ
567 1389 680 1474 τείχέος,
696 1395 743 1453 καὶ
758 1393 868 1472 ἤριπον·
889 1399 925 1475 τῇ
941 1396 976 1472 δή

176 1484 323 1560 ἐσεχέοντο
334 1487 360 1542 οἱ
369 1482 517 1558 Ἕλληνες.
547 1487 651 1558 πρῶτοι
665 1483 694 1542 δὲ
704 1485 829 1558 ἐσῆλθον
842 1487 977 1565 Τεγεῆται

176 1575 205 1632 ἐς
219 1571 251 1629 τά
270 1575 371 1649 τεῖχος·
394 1572 439 1628 καὶ
457 1571 509 1646 τήν
525 1570 632 1646 σκηνήν
647 1570 700 1646 τῆν
719 1572 879 1649 Μαρδονίου
900 1570 976 1632 οὗτοι

176 1656 252 1733 ἦσαν
268 1661 294 1716 οἱ
312 1658 523 1736 διαρπάσαντες,
537 1659 572 1718 τά
590 1685 621 1718 τε
635 1658 712 1718 ἅλλα
726 1661 757 1729 ἐξ
769 1659 853 1736 αὐτῆς
867 1661 913 1719 καὶ
919 1661 977 1737 ,τήν

177 1745 285 1821 φάτνην
300 1749 355 1806 τῶν
372 1747 462 1806 ἵππων
479 1751 580 1806 ἐοῦσαν
597 1748 722 1825 χαλκέην
738 1753 835 1808 πᾶσαν
850 1750 896 1807 καὶ
913 1750 977 1826 θέης

177 1832 264 1908 ἀξίην.
305 1833 358 1909 τῆν
374 1835 427 1910 μέν
445 1861 493 1894 νυν
510 1834 619 1912 φάτνην
634 1836 738 1912 ταύτην
750 1837 803 1912 τῆν
815 1837 976 1914 Μαρδονίου

177 1920 313 1982 ἀνέθεσαν
323 1927 350 1985 ἐς
359 1922 408 1982 τὸν
418 1921 485 1999 νηόν
497 1927 547 1999 τῆς
559 1922 662 2000 Ἀλέης
670 1923 819 2001 Ἀθηναίης
832 1929 976 2005 Τεγεῆται·

175 2007 212 2067 τά
225 2009 255 2068 δέ
265 2008 342 2069 ἄλλα
353 2015 380 2074 ἐς
390 2009 486 2084 τώυτό,
497 2011 606 2089 ὅσαπερ
620 2013 735 2089 ἔλαβον,
747 2013 891 2088 ἐσήνεικαν
900 2016 977 2074 τοῖσι

125 2101 130 2141 1
174 2094 307 2174 Ἕλλησι
345 2102 371 2158 οἱ
390 2100 419 2158 δέ
439 2099 586 2176 βάρβαροι
608 2099 686 2159 οὐδὲν
705 2101 744 2160 ἔτι
761 2104 865 2176 στῖφος
886 2102 977 2177 ἐποιή-

177 2209 265 2245 σαντο
286 2186 421 2250 πεσόντος
441 2192 491 2246 τοῦ
510 2189 624 2266 τείχεος,
641 2187 704 2247 οὔτε
724 2214 767 2250 τις
787 2187 876 2249 αὐτῶν
890 2189 979 2266 α’λκῆς

178 2273 327 2350 ἐμέμνητο·
348 2274 504 2345 ἀλύκταζόν
514 2301 544 2333 τε
559 2275 604 2334 οἶα
618 2280 647 2334 ἐν
656 2275 744 2357 ὀλίγῳ
757 2276 838 2355 χώρῳ
848 2278 978 2354 πεφοβη·

177 2361 256 2436 μένοι
263 2387 294 2420 τε
302 2362 349 2420 καὶ
356 2363 464 2420 πολλοὶ
472 2362 602 2440 μυριάδες
612 2365 808 2441 κατειλημέναι
818 2363 978 2442 ἀνθρώπων·

176 2453 269 2525 παρῆν
285 2475 317 2509 τε
331 2453 409 2508 τοῖσι
419 2448 547 2526 Ἕλλησι
567 2450 694 2526 φονεύειν
715 2450 794 2521 οὕτω,
811 2451 885 2511 ὥστε
904 2453 978 2530 τριή-

178 2562 262 2595 κοντα
270 2535 409 2612 μυριάδων
419 2543 550 2615 στρατοῦ,
563 2538 769 2599 καταδεουσέων
779 2541 921 2617 τεσσέρων
930 2540 980 2604 τὰς

169 2624 248 2702 ,ἔχων
271 2623 445 2700 Ἀρτάβαζος
472 2626 580 2707 ἔφευγε,
607 2629 662 2686 τῶν
685 2631 791 2686 λοιπῶν
813 2628 884 2704 μηδὲ
907 2631 981 2705 τρεῖς

170 2710 306 2789 ’χιλιάδας
332 2713 537 2793 περιγενέσθαι·
567 2714 790 2792 Λακεδαιμονίων
817 2716 846 2774 δέ
871 2719 927 2776 τῶν
950 2721 981 2775 ἐκ

179 2798 310 2876 Σπάρτης
326 2798 464 2860 α’πέθανον
483 2805 510 2860 οἱ
525 2800 627 2865 πάντες
640 2807 669 2862 ἐν
682 2807 717 2881 τῆ
731 2805 869 2883 συμβολῇ
883 2804 921 2867 εἶς
935 2805 981 2862 καὶ

178 2887 364 2964 ἐννενήκοντα,
378 2890 535 2970 Τεγεητέων
555 2890 584 2948 δέ
605 2890 755 2959 ἑκκαίδεκα,
776 2890 931 2967 Ἀθηναίων
951 2891 982 2950 δὲ

179 2975 228 3036 δύο
242 2977 288 3034 καὶ
301 2976 482 3053 πεντήκοντα.

131 3062 168 3125 ’ίῙ
219 3065 390 3142 Ἠρίστευσε
404 3066 433 3124 δέ
446 3069 501 3124 τῶν
518 3065 683 3142 βαρβάρων,
697 3066 780 3138 πεζός
799 3069 851 3144 μέν
871 3066 887 3127 ὁ
908 3073 981 3145 Περ-

179 3152 259 3225 σέων,
271 3153 354 3214 ἵππος
365 3153 393 3211 δέ
403 3152 422 3227 ῆ
434 3151 554 3216 Σακέων·
568 3151 638 3228 ἀνήρ
649 3153 679 3212 δέ
689 3155 802 3234 λέγεται
812 3155 982 3232 Μαρδόνιος·

179 3237 324 3314 Ἑλλήνων
343 3240 381 3308 δέ,
398 3238 510 3318 άγαθῶν
526 3240 681 3319 γενομένων
697 3242 743 3299 καὶ
761 3243 917 3320 Τεγεητέων
936 3244 982 3301 καὶ

180 3323 341 3399 Ἀθηναίων,
349 3325 559 3402 ὑπερεβάλοντο
569 3326 654 3404 α’ρετῆ
662 3328 887 3405 Λακεδαιμόνιοι·
900 3327 983 3409 ἄλλῳ
