2278 3538
151 169 294 235 ιιι-ιιι]
458 171 643 220 nomam.
901 174 952 222 v211

150 248 201 309 οὐκ
228 250 375 312 ἐθέλοντας
402 249 672 324 συνδιακινδυνεύειν,
700 252 835 311 κελεῦσαί
862 257 954 328 σφεας

150 335 403 398 ἀπαλλάσσεσθαι·
432 337 504 418 αὐτῷ
526 339 555 398 δὲ
576 337 686 398 ἀπιέναι
706 338 738 399 οὗ
760 343 851 403 καλῶς
871 341 952 418 ἔχειν.

146 427 261 504 μένοντι
275 426 304 484 δὲ
317 425 402 486 αὐτοῦ
414 427 494 490 κλέος
507 427 581 506 μέγα
592 427 725 495 ἐλείπετο,
737 433 783 485 καί
793 427 811 501 ἦ
823 427 954 504 Σπάρτης

150 512 309 592 εὐδαιμονίη
331 512 381 572 οόκ
402 514 575 590 ἐξηλείφετο·
599 514 732 592 ἐκέχρητο
752 514 807 594 γάρ
828 514 882 574 όπά
903 519 954 591 τῆς

149 602 257 677 Πυθίης
280 605 357 661 τοῖσι
382 601 584 680 Σπαρτιήτῃσι,
607 602 791 680 χρεωμένοισι
814 602 878 679 περὶ
903 607 954 662 τοῦ

148 690 276 764 πολέμου
299 689 399 748 τούτου
422 689 521 748 αὐτίκα
541 689 600 748 κατ’
621 689 710 768 ἀρχάς
730 692 913 770 ἐγειρομένου,
935 688 954 767 ἦ

148 776 345 852 Λακεδαίμονα
354 774 512 836 ἀνάστατον
521 775 654 856 γενέσθαι
664 777 719 838 ἀπό
732 781 787 837 τῶν
796 777 954 855 βαρβάρων

148 861 229 938 ήτόν
242 863 370 940 βασιλέα
386 869 482 938 σφεων
496 863 678 924 ἀπολέεσθαι.
710 870 799 924 ταῦτα
812 866 844 926 δέ
855 873 911 944 σφι
925 870 954 926 ἐν

148 951 228 1011 ἔπεσι
242 953 419 1027 ἑξαμέτροισι
433 952 533 1029 ἔχοντα
545 956 611 1032 χρᾷ,
625 955 747 1034 λέγοντο
760 951 821 1014 ὧδε·

185 1093 246 1152 Τμΐν
264 1091 290 1152 δ’,
310 1091 331 1139 ὥ
346 1093 464 1155 Σπάρτης
481 1095 602 1156 οἰκήτορες
619 1095 762 1158 εὐρυχόροιο,

180 1163 196 1224 ἣ
212 1165 278 1225 μέγα
296 1165 358 1212 όστυ
371 1163 469 1226 ’ρικυδές
487 1166 526 1213 ὑπ’
543 1167 642 1227 ἀνδράσι
659 1168 806 1228 Περσεΐδῃσι

180 1237 303 1298 πέρθεται·
322 1235 338 1295 ἢ
356 1238 384 1284 τό
401 1238 444 1295 μέν
461 1239 523 1298 οθχί,
545 1239 586 1298 ἀφ’
599 1239 747 1300 Ἡρακλέους
765 1241 791 1288 δέ
807 1240 924 1300 γενέθλης

181 1310 298 1366 πενθήσει
314 1311 408 1370 βασιλῆ
426 1311 538 1369 φθίμενον
554 1312 730 1368 Λακεδαίμονος
747 1310 820 1372 οὖρος.

182 1382 273 1441 οὐγὰρ
289 1382 332 1428 τὸν
348 1383 441 1442 ταύρων
458 1383 548 1440 σχήσει
564 1384 633 1440 μένος
650 1384 704 1430 οὐδέ
721 1383 825 1430 λεόντων

182 1453 298 1514 ἀντιβίηνι
318 1453 390 1510 Ζηνὸς
406 1453 455 1515 γὰρ
473 1455 524 1513 ἔχει
540 1454 617 1512 μένος·
636 1455 690 1501 οὐδέ
707 1455 719 1502 ἑ
736 1455 798 1515 φημί

181 1525 324 1584 σχήσεσθαι,
346 1526 401 1586 πρίν
417 1525 487 1572 τῶνδ’
505 1526 585 1587 ἕτερον
603 1525 641 1573 διὰ
658 1526 739 1573 πάντα
757 1525 868 1586 διίσηται.

146 1655 235 1718 ταῦτά
247 1683 279 1716 τε
292 1657 326 1732 δή
341 1657 540 1736 ἐπιλεγόμενον
552 1658 699 1734 Λεωνίδην,
715 1659 760 1718 καὶ
773 1659 952 1738 βουλόμενον

148 1746 230 1808 κλέος
247 1745 418 1804 καταθέσθαι
438 1749 542 1821 μοῦνον
561 1747 763 1823 Σπαρτιητέων,
783 1747 949 1828 ἀποπέμψαι

146 1833 211 1896 τούς
238 1832 405 1911 συμμάχους
435 1837 556 1909 μᾶλλον,
588 1832 606 1910 ἢ
633 1834 730 1916 γνώμῃ
762 1836 950 1916 διενεχθέντας

148 1919 218 1980 οὕτω
231 1921 363 1997 ἀκόσμως
379 1921 509 1999 οἴχεσθαι
524 1922 589 1986 τούς
603 1923 774 2001 οἰχομένους.
816 1924 930 2002 Μαρτό-
939 1926 995 1984 221

146 2034 207 2086 ρων
234 2009 265 2067 δέ
289 2034 339 2084 μοι
360 2008 406 2066 καὶ
428 2008 491 2068 τόδε
515 2007 564 2068 οὔκ
588 2010 742 2088 ε’λάχιστον
764 2012 863 2071 τούτου
886 2013 951 2089 πέρι

146 2097 254 2178 γέγονε·
276 2096 308 2155 οὐ
326 2095 383 2176 γάρ
403 2100 507 2173 μοῦνον
527 2097 592 2160 τούς
612 2096 717 2162 ἀλλους
737 2097 814 2157 ἀλλὰ
836 2099 882 2158 καὶ
901 2098 951 2158 τόν

146 2183 246 2260 μάντιν
263 2183 293 2247 ὃς
310 2185 402 2242 εἵπετο
422 2189 458 2263 τῇ
479 2190 597 2264 στρατιῇ
618 2184 713 2264 ταύτῃ,
729 2187 887 2265 Μεγιστίην
900 2185 950 2246 τόν

147 2269 303 2348 Ἀκαρνῆνα
317 2270 471 2351 λεγόμενον
485 2271 602 2332 εἶναιτὰ
616 2272 817 2333 ἀνέκαθενάπά
832 2272 949 2350 Μελάμ-

147 2360 239 2432 ποδος,
253 2363 353 2420 τοῦτον
368 2359 483 2418 εἴπαντα
498 2363 527 2418 ἐκ
541 2363 596 2419 τῶν
610 2364 675 2436 ἱρῶν
687 2360 723 2420 τοί
737 2361 881 2436 μελλοντά
894 2367 951 2438 σφι

147 2449 287 2523 ἐκβαίνειν
311 2446 432 2524 φανερός
460 2453 522 2507 ἐστι
542 2448 679 2525 Λεωνίδης
703 2447 883 2526 ἀποπέμπων,
902 2451 950 2511 Ὶἵνα

146 2535 186 2611 μή
209 2535 407 2612 συναπόληταί
425 2541 491 2610 σφι·
526 2534 542 2595 ὁ
563 2536 592 2594 δέ
613 2536 848 2614 ἀποπεμπόμενος
867 2537 951 2602 οὗτός

146 2625 198 2698 μὲν
219 2623 268 2682 οὐκ
287 2623 447 2699 ἀπελίπετο,
469 2624 519 2684 τάν
540 2623 569 2684 δὲ
585 2625 672 2684 παῖδα
692 2627 950 2704 συστρατευόμενον

147 2709 228 2771 ε’όντα
241 2715 267 2770 οἱ
280 2713 449 2792 μουνογενέα
462 2710 617 2789 ἀπέπεμψε.

188 2801 225 2858 Οἱ
237 2800 289 2876 μέν
304 2825 352 2860 νυν
366 2799 513 2878 σύμμαχοι
527 2802 554 2859 οί
570 2798 802 2877 ἀποπεμπόμενοι
818 2801 931 2880 οἴχοντό
938 2805 996 2862 222

146 2910 178 2946 τε
201 2885 337 2960 ἀπιόντες,
362 2888 407 2948 καὶ
435 2888 578 2948 ἐπείθοντο
601 2888 734 2967 Λεωνίδη·
762 2890 896 2952 Θεσπιέες
920 2890 950 2948 δὲ

147 2974 193 3034 καὶ
213 2976 337 3050 Θηβαῖοι
357 2976 519 3052 κατέμειναν
538 2979 638 3052 μοῦνοι
655 2975 731 3054 παραὶ
750 2975 949 3051 Λακεδαιμονί-

147 3087 215 3121 οισι·
232 3061 336 3122 τούτων
350 3061 379 3121 δὲ
393 3063 517 3138 Θηβαῖοι
529 3065 581 3140 μὲν
594 3062 722 3126 ἀέκοντες
736 3064 841 3139 ἔμενον,
856 3062 902 3121 καὶ
915 3061 947 3122 οὗ

146 3148 328 3227 βουλόμενοι·
350 3153 461 3228 κατεῖχε
473 3149 527 3230 γάρ
542 3157 634 3227 σφεας
644 3151 781 3226 Λεωνίδης
795 3155 823 3209 ε’ν
837 3148 949 3226 ὁμήρων

146 3237 223 3320 λόγῳ
243 3262 413 3312 ποιευμενος·
435 3239 570 3301 Θεσπιέες
590 3239 620 3297 δὲ
641 3237 749 3300 ἑκόντες
768 3236 905 3313 μάλιστα,
923 3237 950 3298 οἳ

147 3323 197 3386 οόκ
218 3325 330 3402 ἔφασαν
350 3322 536 3386 ἀπολιπόντες
562 3324 702 3399 Λεωνίδην
726 3324 772 3382 καὶ
798 3323 863 3388 τοῦς
888 3324 950 3401 μετ’
