2262 3534
195 117 242 163 300
494 110 676 159 ἨΡΟΔΟΤΟΤ
933 113 995 176 [ΙΧ.

193 197 243 269 τῆς
264 193 349 267 ἰθείης
367 190 613 267 Λακεδαιμονίοισι
629 191 773 268 πολέμιος·
795 191 829 250 ού
850 191 945 268 μέντοι
962 219 997 274 γε

193 285 221 343 ἐς
233 281 354 342 τέλος
329 306 356 338 οι
369 277 513 354 συνήνεικε
526 305 558 338 το
550 277 701 356 ἔχθος
669 304 702 338 το
721 283 748 341 ε’ς
764 279 997 356 Λακεδαιμονίους

194 368 443 477 συγκεκυρημένον·
464 365 575 442 ἥλω
538 393 593 447 γαρ
607 365 809 443 μαντευόμενος
824 371 852 426 ε’ν
866 368 997 449 Ζακύνθῳ

193 454 239 515 ὕπ’
271 455 369 526 αὐτῶν,
397 455 443 513 καὶ
470 453 599 514 ἀπέθανε.
641 454 658 514 ό
683 455 735 530 μέν
761 481 809 514 νυν
836 455 996 519 θάνατοςι
978 485 995 518 ο

193 542 463 626 ‘''Hyvpuvaa'rov
446 569 564 620 υστερον
591 543 699 623 ἐγένετο
725 546 780 603 τῶν
804 549 995 605 Πλαταιϊκῶν·

193 633 256 693 τότε
270 633 293 692 δ’
308 634 353 692 ε’πὶ
366 637 404 711 τῷ
419 631 539 710 Ἀσωπῷ
557 631 706 709 Μαρδονίῳ
719 632 931 708 μεμισθωμένος
944 631 995 692 ούκ

194 720 301 802 ὀλίγου,
316 719 411 780 ε’θύετό
424 746 455 779 τε
470 745 516 778 και
506 719 715 795 προεθυμέετο
731 717 802 778 κατά
820 745 851 778 τε
865 719 898 778 τό
914 721 995 798 ἔχθος

194 835 227 866 το
219 808 464 912 Λακεδαιμονίων
478 807 524 864 καὶ
539 806 609 866 κατὰ
621 806 654 866 τό
668 807 768 883 κέρδος,

145 895 184 952 38
234 895 283 958 Ὡς
296 894 368 954 δὲ
336 921 385 954 ουκ
397 893 586 970 εκαλλιέρεε
567 921 638 954 ωστε
648 893 799 974 μάχεσθαι,
811 893 873 954 ούτε
883 895 995 958 αύτοῖσι

194 985 334 1062 Πέρσησι,
358 982 420 1043 ούτε
438 987 514 1043 τοῖσι
535 983 594 1060 μετ’
616 984 721 1042 ἐκείνων
743 987 822 1043 ἐοῦσι
839 984 993 1060 Ἑλλήνων·

194 1073 284 1152 (εἶχον
296 1073 351 1154 γάρ
366 1074 412 1131 καὶ
425 1069 501 1131 οὗτοι
521 1070 562 1130 ἐπ’
576 1074 681 1130 ἑωυτῶν
696 1069 796 1146 μάντιν
808 1071 993 1151 Ἱππόμαχον,

194 1161 346 1220 Λευκάδιον
359 1160 466 1240 ἄνδρα)
488 1158 667 1236 ἐπιρρεόντων
682 1159 711 1218 δὲ
723 1163 778 1218 τῶν
790 1159 935 1236 Ἑλλήνων
948 1163 994 1220 καὶ

193 1251 344 1330 γινομένων
370 1247 502 1322 πλεύνων,
526 1247 707 1327 Τιμηγενίδης
730 1245 747 1306 ὅ
765 1245 896 1324 Ἕρπυος,
924 1247 994 1325 ἀνὴρ

194 1340 329 1414 Θηβαῖος,
346 1336 555 1413 συνεβούλευσε
574 1336 722 1448 Μαρδονίῳ
734 1335 784 1398 τάς
803 1335 927 1412 ἐκβολάς
944 1342 994 1398 τοῦ

195 1427 367 1503 Κιθαιρῶνος
388 1425 519 1501 φυλάξαι,
539 1423 669 1536 λέγῳν
650 1450 685 1487 ως
705 1425 862 1501 ἐπιρρέουσι
883 1428 910 1484 οἶ
925 1424 992 1484 Ελ-

169 1518 320 1588 .ληνες’
292 1516 344 1573 αιεὶ
363 1513 415 1573 άνα
433 1518 530 1572 πᾶσαν
550 1513 663 1618 ἡμέρην,
679 1513 724 1570 καὶ
744 1511 779 1575 ιύς
794 1511 993 1591 ἀπολάμψοιτο

146 1603 183 1660 39
194 1601 320 1679 συχνούς.
364 1601 484 1677 Ημέραι
498 1601 529 1658 δέ
541 1598 631 1676 σφι’
614 1601 856 1676 αντικατημένοισι
868 1599 948 1676 ἤδη’
936 1627 993 1682 εγε-

194 1689 314 1768 γόνεσαν
328 1689 408 1758 ὀκτω,
424 1689 469 1748 ὅτε
483 1692 571 1748 ταῦτα
587 1692 688 1752 ἐκεῖνος
707 1687 894 1763 συνεβούλευε
913 1694 993 1766 Μαρ-

194 1777 282 1856 δονίῳ·
305 1776 320 1836 ὁ
342 1776 370 1835 δὲ
390 1776 487 1854 μαθιύν
506 1775 558 1851 τὴν
574 1777 738 1852 παραίνεσιν
759 1775 787 1834 εὖ
809 1777 937 1854 ἔχουσαν,
959 1776 994 1840 ὥς

195 1863 317 1942 εύφρόνη
337 1865 452 1946 ε’γένετο,
466 1864 570 1941 πέμπει
588 1863 640 1938 τήν
656 1865 741 1924 ἵππον
759 1867 786 1926 ές
804 1864 853 1925 τοὶς
872 1863 994 1940 ἐκβολάς

193 1979 244 2016 τας
265 1951 521 2065 Κιθαιρωνίδας,
493 1979 521 2012 αι
542 1957 588 2011 ε’πι
578 1953 771 2012 Πλαταιέων
793 1951 921 2028 φέρουσι·
945 1952 994 2016 τοὶς

195 2042 358 2102 Βοιωτοὶ
325 2068 376 2119 μεν
392 2045 472 2120 Τρεῖς
491 2038 630 2116 Κεφαλας
649 2041 790 2112 καλέουσι,
805 2038 949 2115 Ἀθηναῖοι
964 2040 994 2098 δὲ

194 2130 286 2238 Δρυδς
320 2129 465 2207 Κεφαλάς.
509 2128 683 2206 πεμφθέντες
710 2129 791 2186 δε
766 2153 793 2186 οι
820 2126 936 2186 ἱππόται
962 2126 994 2186 ού

193 2218 285 2295 μάτην
311 2217 453 2278 ἀπίκοντο·
494 2217 678 2293 ε’σβαλλοντα
704 2241 758 2296 γαρ
786 2220 814 2278 ἒς
839 2214 873 2275 τό
900 2215 994 2276 πεδίον

195 2306 378 2383 λαμβάνουσι
395 2305 532 2386 ὑποζύγιά
552 2331 582 2364 τε
602 2303 781 2373 πεντακόσια,
796 2304 874 2362 σιτία
890 2302 994 2384 ἄγοντα

196 2394 252 2453 ἀπό
270 2392 494 2468 Πελοποννήσου
513 2397 539 2454 ἔς
557 2391 589 2450 τό
612 2391 809 2468 στρατόπεδον,
829 2391 875 2449 καὶ
893 2391 993 2468 άνθρύ

195 2509 264 2544 πους
288 2482 314 2540 οἳ
336 2482 446 2540 εἵποντο
467 2483 543 2540 τοῖσι
565 2479 684 2560 ζεύγεσι·
711 2478 820 2542 ἑλόντες
841 2479 871 2538 δὲ
892 2479 995 2555 ταύτην

194 2569 245 2644 την
264 2568 351 2650 ἄγρην
371 2571 397 2627 οἱ
415 2570 526 2645 Πέρσαι
545 2567 678 2643 ἀφειδέως
696 2566 836 2643 ἐφόνευον,
851 2565 883 2626 ού
903 2566 994 2642 φειδό-

194 2681 272 2733 μενοι
286 2654 349 2715 ούτε
367 2655 516 2736 ὑποζυγίου
536 2653 645 2718 ούδενός
662 2654 725 2714 ούτε
741 2653 896 2729 ἀνθρώπου·
917 2654 952 2717 ὦς
966 2655 995 2714 δὲ

196 2742 265 2820 ἅδην
292 2743 367 2822 εἶχον
394 2743 551 2813 κτείνοντες,
578 2741 614 2802 τά
644 2743 731 2802 λοιπά
759 2741 848 2800 αὐτῶν
874 2741 996 2818 ἤλαυνον

195 2831 435 2909 περιβαλλόμενοι
448 2829 524 2906 παρά
541 2855 571 2889 τε
588 2829 747 2908 Μαρδόνιον
766 2831 811 2888 καὶ
825 2834 852 2893 ε’ς
864 2829 897 2890 τό
911 2855 995 2907 στρα-

195 2919 318 2980 τόπεδον.

148 3009 187 3069 40
236 3007 317 3068 Meni
336 3009 365 3068 δὲ
380 3010 464 3068 τοῦτο
481 3007 515 3066 τὸ
534 3009 614 3086 ἔργον
635 3007 728 3084 ἑτέρας
750 3005 799 3064 δύο
821 3007 925 3082 ἡμέρας
944 3005 996 3066 διέ-

195 3105 304 3174 τριψαν,
322 3095 459 3171 ούδέτεροι
479 3093 651 3170 βουλόμενοι
672 3093 765 3172 μάχης
788 3092 878 3170 ἄρξαι·
912 3095 996 3172 μέχρι

195 3186 247 3259 μὲν
272 3183 327 3264 γάρ
354 3189 403 3242 τοῦ
424 3183 555 3240 Ἀσωποῦ
579 3181 699 3256 ἐπήϊσαν
722 3184 748 3239 οἱ
768 3180 915 3257 βάρβαροι
938 3207 996 3240 πει-

195 3268 312 3346 ρώμενοι
334 3268 562 3344 τῶνἙλλήνων,
586 3267 727 3343 διέβαινον
750 3267 781 3324 δὲ
807 3267 954 3338 οὐδέτεροι·
977 3268 996 3343 ἦ
