2278 3538
165 149 304 212 173-176]
478 150 661 198 ΠΟΛΎΜΜΑ.
792 185 795 192 -
914 155 965 204 193

164 229 349 306 ἐβουλεύοντο
362 228 432 306 πρός
447 229 483 288 τά
496 231 633 309 λεχθέντα
649 231 679 300 ἐξ
691 230 884 308 Ἀλεξάνδρου,
899 231 918 311 ᾗ
931 260 962 294 τε

164 317 319 393 στήσονται
339 318 388 378 τόν
410 316 537 395 πόλεμον
561 319 606 377 καὶ
628 324 656 377 ἐν
676 319 762 378 οἴοισι
789 320 916 398 χώροισι·
942 321 962 397 ἦ

163 410 269 464 νικῶσα
296 406 325 464 δὲ
351 405 447 486 γνώμη
479 407 595 487 ἐγένετο,
624 407 675 482 τὴν
702 412 730 466 ἐν
758 408 960 487 Θερμοπύλῃσι

164 494 294 570 ἐσβολήν
312 494 447 570 φυλάξαι·
471 496 631 571 στεινοτέρη
652 495 707 575 γάρ
729 496 858 569 ἐφαίνετο
875 501 962 556 ἐοῦσα

163 586 212 658 τῆς
226 588 253 645 ἐς
266 584 438 657 Θεσσαλίην,
454 583 499 641 καὶ
512 584 571 659 μία,
585 581 725 664 ἅγχοτέρη
742 609 772 642 τε
785 587 835 658 τῆς
849 589 962 644 ἑωυτῶν·

163 670 214 745 τήν
228 670 257 729 δὲ
271 669 396 746 ἀτραπόν
410 670 442 729 δι’
457 669 492 745 ἢν
510 669 625 746 ἥλωσαν
647 673 673 728 οἱ
690 669 805 732 ἁλόντες
820 670 964 746 Ἑλλήνων

165 763 193 817 ἐν
206 759 417 836 Θερμοπύλῃσι,
433 757 464 818 ού
483 761 495 817 ἐ
510 757 615 838 ᾔδεσαν
629 763 730 818 ἐοῦσαν
743 758 878 836 πρότερον
891 759 963 837 ἥπερ

163 844 328 923 α’πικόμενοι
361 853 388 909 ἐς
422 849 607 924 Θερμοπύλας
641 847 775 908 ἐπύθοντο
802 849 962 927 Τρηχινίων·

163 934 265 1011 ταύτην
279 935 316 995 ὦν
330 934 538 1011 ἐβουλεύσαντο
550 935 749 1011 φυλάσσοντες
762 937 813 1013 τήν
826 937 962 1012 ἐσβολὴν,

163 1023 203 1098 μὴ
220 1025 347 1100 παριέναι
366 1028 393 1086 ἐς
407 1022 459 1098 τήν
476 1023 604 1083 Ἑλλάδα
623 1024 672 1083 τόν
692 1024 851 1104 βάρβαρον·
872 1024 921 1084 τόν
934 1025 964 1084 δέ
1019 1014 1023 1022 ’

164 1112 291 1171 ναυτικόν
311 1112 433 1189 στρατόν
452 1113 548 1172 πλέειν
567 1116 620 1194 γῆς
640 1117 690 1188 τῆς
703 1113 900 1175 Ἱστιαιώτιδος
918 1114 963 1172 ε’πὶ
995 1132 999 1142 ‘

164 1197 351 1276 Ἀρτεμίσιον·
380 1204 468 1260 ταῦτα
490 1201 546 1282 γάρ
572 1199 662 1283 άγχοῦ
685 1227 715 1260 τε
738 1199 873 1276 αλλήλων
894 1203 963 1272 ἐστὶ,

166 1285 238 1346 ὥστε
255 1288 444 1348 πυνθάνεσθαι
465 1289 500 1348 τά
521 1289 591 1347 κατά
612 1290 754 1365 ἑκατέρους
775 1289 863 1348 ἐόντα.
906 1289 1010 1350 Οἵ176

164 1401 195 1434 τε
207 1381 295 1454 χοῖροι
309 1376 394 1439 οὕτως
408 1379 513 1455 έχουσι·
529 1382 612 1436 τοῦτο
625 1379 684 1452 μὲν,
697 1376 729 1436 τό
742 1376 920 1454 Ἀρτεμίσιον
933 1382 963 1436 ἐκ

164 1467 215 1524 τοῦ
232 1464 370 1546 πελάγεος
389 1470 439 1524 τοῦ
455 1466 587 1546 Θρηῖκίου
608 1466 639 1534 ἐξ
658 1463 750 1542 εύρέος
767 1464 918 1547 συνάγεται
936 1471 964 1530 ἐς

165 1551 274 1612 στεινόν
291 1553 387 1630 πόρον,
404 1553 454 1612 τόν
471 1553 575 1629 μεταξύ
594 1553 673 1613 ἐόντα
691 1552 780 1628 νήσου
794 1579 825 1612 τε
843 1552 964 1618 Σκιάθου

165 1640 210 1698 καὶ
236 1641 352 1718 ἠπείρου
379 1643 557 1722 Μαγνησίης·
593 1647 622 1700 ἐκ
647 1641 675 1700 δέ
702 1645 751 1700 τοῦ
778 1646 888 1702 στεινοῦ
914 1646 964 1718 τῆς

164 1727 289 1806 Εύβοίης
301 1730 355 1806 ἤδη
368 1729 401 1790 τό
415 1729 593 1806 Ἀρτεμίσιον
607 1730 712 1790 δέκεται
726 1731 861 1811 αἰγιαλός·
883 1736 911 1791 ἐν
925 1731 962 1800 δέ,

164 1813 325 1894 Ἀρτέμιδος
348 1822 415 1894 ἶρον.
457 1816 523 1893 ἡδὲ
541 1817 575 1877 αὖ
600 1817 644 1878 διά
662 1821 798 1896 Τρηχῖνος
818 1819 913 1882 ἔσοδος
936 1824 963 1882 ἐς

164 1904 215 1980 τὴν
234 1905 362 1964 Ἑλλάδα
383 1907 451 1974 ἐστι,
472 1910 508 1984 τῇ
529 1906 700 1982 στεινοτάτη,
721 1906 903 1984 ἡμίπλεθρον·
931 1907 963 1966 ού

163 1995 259 2068 μέντοι
273 1994 343 2054 κατά
356 1995 440 2054 τοῦτό
453 1993 479 2074 γ’
496 1996 557 2054 ἔστι
569 1994 602 2061 τό,
618 1994 795 2054 στεινότατον
808 1999 858 2070 τῆς
872 1995 964 2073 χώρης

164 2085 214 2156 τῆς
239 2082 338 2158 ἄλλης,
366 2081 431 2141 ἀλλ’
460 2083 603 2159 ἔμπροσθέ
628 2109 659 2140 τε
690 2083 892 2158 Θερμοπυλέων
919 2085 964 2142 καὶ

165 2168 276 2230 ὄπισθε·
312 2170 382 2230 κατά
401 2197 432 2230 τε
457 2170 615 2246 Ἀλτηνούς
638 2169 738 2230 ὄπισθε
759 2170 853 2232 ἐόντας
877 2159 966 2230 ἐοῦσα

165 2256 299 2333 άμαξιτός
319 2259 415 2336 μούνη,
438 2260 483 2318 καὶ
502 2259 645 2335 ἔμπροσθε
663 2259 732 2316 κατά
748 2259 862 2317 Φοίνικα
877 2285 962 2317 ποτα-

164 2344 228 2421 μόν,
242 2345 332 2426 ἀγχοῦ
346 2346 486 2423 Ἀνθηλῆς
499 2345 606 2418 πόλιος,
623 2345 756 2421 άμαξιτὸς
771 2345 847 2421 άλλη
864 2346 960 2423 μούνη.

165 2436 220 2492 τῶν
243 2433 273 2492 δέ
296 2435 498 2509 Θερμοπυλέων
521 2434 554 2494 τό
578 2437 629 2510 ρέν
652 2433 721 2510 πρός
748 2435 875 2511 ἑσπέρης,
900 2434 964 2512 ὅρος

165 2519 274 2597 ἄβατόν
297 2549 327 2580 τε
349 2523 394 2580 καὶ
415 2521 602 2599 ἀπόκρημνον,
629 2521 748 2600 ύψηλόν,
772 2522 913 2584 ἀνατεῖνον
937 2529 964 2588 ἐς

165 2609 216 2685 τήν
234 2611 329 2686 Οἴτην·
350 2610 382 2670 τό
400 2611 429 2670 δέ
447 2611 516 2687 πρός
537 2610 589 2686 την
606 2609 647 2686 ἠιῦ
668 2615 718 2686 τῆς
734 2610 808 2684 ὁδοῦ,
828 2611 963 2672 θάλασσα

165 2697 326 2758 ύποδέκεται
342 2700 388 2757 καὶ
403 2697 530 2780 τενάγεα·
551 2701 611 2758 ἔστι
630 2698 659 2758 δέ
677 2704 705 2758 ἐν
723 2702 759 2778 τῇ
775 2697 862 2778 ἐσόδῳ
878 2699 964 2778 ταύτῃ

166 2787 254 2863 θερμοὶ
274 2787 388 2863 λουτρά,
409 2785 445 2846 ταὶ
465 2785 591 2864 Χύτρους
612 2787 745 2846 καλέουσι
765 2790 792 2846 οἱ
813 2788 962 2866 ἐπιχώριοι,

166 2876 212 2933 καὶ
229 2874 326 2952 βωμός
343 2876 449 2953 ἵδρυται
462 2875 618 2953 Ἡρακλέος
634 2873 676 2934 ἐπ’
689 2873 810 2936 αύτοῖσι·
832 2875 964 2952 ἐδέδμητο

165 2962 195 3022 δέ
220 2967 312 3043 τεῖχος
338 2962 408 3023 κατὰ
436 2963 537 3026 ταύτας
562 2963 611 3026 τὰς
638 2963 773 3039 ἐσβολάς,
800 2964 846 3020 καὶ
871 2962 905 3022 τό
930 2989 964 3043 γε

165 3051 287 3112 παλαιόν
299 3051 387 3111 πύλαι
401 3055 519 3127 ἐπῆσαν·
540 3051 649 3128 ἔδειμαν
663 3052 692 3110 δέ
708 3052 814 3112 Φωκέες
827 3050 859 3110 τό
873 3054 965 3127 τεῖχος

165 3138 313 3209 δείσαντες,
328 3140 387 3198 ἐπεὶ
400 3140 548 3199 Θεσσαλοὶ
560 3139 651 3215 ἦλθον
664 3145 693 3198 ἐκ
704 3141 878 3214 Θεσπρωτῶν
891 3137 965 3212 οἰκή-

166 3253 263 3291 σοντες
275 3253 330 3308 γην
345 3225 396 3302 τὴν
410 3228 535 3301 Αἰολίδα,
550 3226 654 3303 τήνπερ
673 3231 721 3285 νῦν
741 3225 874 3284 ἐκτέαται.
916 3223 965 3286 ἅτε

166 3314 200 3390 δὴ
234 3315 407 3392 πειρωμένων
440 3319 494 3376 τῦν
527 3319 685 3374 Θεσσαλῶν
719 3313 967 3388 καταστρέφεσθαί
