2262 3534
173 114 220 162 ιιι
481 110 663 168 ᾙΡοιοτοτ
904 113 974 180 [1X÷:

175 193 225 268 μὲν
241 196 269 254 ἐς
286 189 403 267 ἅμαξαν.
414 189 541 252 ἐσθέντες
556 189 606 250 τόν
624 189 720 266 νεκρόν
737 190 816 269 παρὰ
832 192 882 256 τοὶς
894 194 970 264 τάξις

174 277 308 354 ἐκόμιζον·
330 277 390 338 όδέ
403 276 498 352 νεκρός
508 275 542 352 ἦν
557 277 621 352 θέης
633 275 717 348 ἄξιος,
730 278 867 359 μεγάθεος
882 281 972 342 είνεκα

174 366 218 424 καὶ
232 365 361 428 κάλλεος·
381 369 437 434 τῶν
449 365 478 424 δὲ
493 364 582 423 εἵνεκα
596 366 642 422 καὶ
655 370 742 424 ταῦτα
753 367 870 428 ἐποίευν·
885 372 971 429 ἐκλεί-

172 479 271 518 ποντες
290 453 340 516 τάς
363 453 439 523 τάξις
463 453 590 528 ἐφοίτεον
611 453 777 530 θεησόμενοι
798 459 970 518 Μασίστιον·

172 541 243 618 μετά
264 542 303 613 δέ,
326 542 403 612 ἔδοξέ
423 547 479 617 σφι
500 543 704 617 ἐπικαταβῆναι
726 548 753 606 ἐς
772 545 927 610 Πλαταιάς·
955 540 971 606 ό

172 630 227 710 γάρ
245 635 335 711 χῶρος
354 630 482 705 ἐφαίνετο
500 633 600 706 πολλῷ
617 629 667 687 εἰδν
686 631 896 708 ἐπιτηδειότερός
914 641 972 711 σφι

174 718 475 796 ἐνστρατοπεδεύεσθαι
496 717 513 776 ό
533 716 705 780 Πλαταιῖκός
728 723 778 776 τοῦ
798 717 971 796 Ἐρυθραίου,

173 807 209 866 τό
220 833 251 866 τε
264 806 350 876 ἀλλα,
361 807 406 864 καὶ
421 804 604 882 εύῦδρόσερος·
620 810 647 868 ἐς
659 809 759 866 τοῦτον
769 805 803 882 δή
813 806 861 866 τόν
870 812 971 885 χῶρον,

174 895 220 952 καὶ
238 895 284 952 ε’πὶ
304 894 356 971 τήν
372 893 474 971 κρήνην
491 893 543 969 τήν
557 895 722 975 Γαργαφίην
735 894 786 970 τήν
800 900 828 953 ἐν
841 900 878 974 τῷ
891 896 972 976 χώρῳ

121 1040 122 1044 ,
173 981 261 1062 τούτῳ
275 986 386 1052 ἐοῦσαν,
401 981 478 1052 ἔδοξέ
495 987 551 1057 σφι
563 982 647 1061 χρεόν
666 982 735 1041 εἶναι
748 981 905 1055 ἀπικέσθαι,
926 985 972 1044 καὶ

174 1069 372 1151 διαταχθέντας
390 1070 671 1147 στρατοπεδεύεσθαι·
692 1069 884 1146 ἀναλαβόντες
898 1071 927 1130 δὲ
936 1072 972 1132 τά

174 1156 259 1230 ὅπλα,
273 1159 359 1235 ἤϊσαν
372 1157 418 1218 διά
430 1161 481 1234 τῆς
493 1157 627 1234 ύπωρείης
644 1162 694 1218 τοῦ
709 1159 880 1236 Κιθαιρῶνος
895 1159 972 1236 παρὰ

173 1245 271 1312 Ὑσιάς
290 1253 318 1311 ἐς
333 1247 385 1323 τήν
404 1246 564 1306 Πλαταιίδα
580 1251 642 1326 γῆν,
661 1245 825 1322 ἀπικόμενοι
841 1247 871 1306 δέ
891 1247 971 1307 ἐτόσ-

174 1359 260 1396 σοντο
271 1336 341 1396 κατά
355 1337 434 1398 ἔθνεα
447 1335 572 1411 πλησίον
581 1339 631 1409 τῆς
644 1360 674 1393 τε
688 1333 789 1412 κρήνης
801 1339 850 1410 τῆς
864 1341 972 1417 Γαργα-

175 1425 242 1499 φίης
256 1426 302 1484 καὶ
314 1428 364 1484 τοῦ
381 1431 508 1500 τεμένεος
523 1427 573 1484 τοῦ
585 1421 800 1500 Ἀνδροκράτεος
813 1427 862 1482 τοῦ
875 1422 971 1501 ἥρωος,

178 1511 223 1572 διὰ
236 1511 328 1592 όχθων
339 1538 370 1572 τε
385 1511 434 1572 ούκ
447 1510 564 1590 ύψηλῶν
578 1511 623 1573 καὶ
637 1509 739 1570 ἀπέδου
752 1512 864 1589 χωρίου.

127 1600 165 1658 26
214 1598 353 1659 Ἐνθαῦτα
375 1604 403 1660 ἐν
424 1604 460 1678 τῇ
482 1598 589 1668 διατιίξι
616 1600 724 1679 ἐγένετο
745 1599 837 1679 λόγων
863 1598 971 1664 πολλός

178 1685 301 1763 ιόθισμδς
314 1688 470 1767 Τεγεητέων
482 1712 513 1744 τε
531 1688 577 1746 καὶ
589 1686 750 1762 Ἀθηναίων·
772 1687 904 1746 ἐδικαίευν
916 1687 970 1768 γάρ

176 1773 254 1834 αύτοὶ
272 1773 395 1851 ἑκάτεροι
414 1776 486 1852 ἔχειν
501 1773 534 1834 τό
553 1776 646 1851 ἕτερον
664 1776 752 1851 κέρας,
767 1775 813 1832 καὶ
829 1773 908 1834 καινά
927 1775 973 1834 καὶ

176 1862 283 1922 παλαιά
296 1862 505 1939 παραφέροντες
523 1863 598 1942 ἔργα.
640 1867 723 1922 τοῦτο
736 1864 787 1938 μὲν
801 1866 827 1921 οἱ
840 1866 973 1941 Τεγεῆται

176 1951 273 2032 ἔλεγον
286 1949 361 2010 τάδε·
383 1960 400 1984 “
408 1949 488 2026 ἡμεῖς
500 1952 556 2008 αἰεί
568 1976 631 2010 κοτε
650 1949 797 2027 ἀξιεύμεθα
810 1950 911 2026 ταύτης
924 1955 973 2026 τῆς

175 2037 267 2108 τόξιος
286 2044 315 2098 ἐκ
333 2042 388 2098 τῶν
406 2038 561 2117 συμμόχων
580 2037 715 2108 ἀπόντων,
734 2036 800 2096 ὅσαι
813 2037 866 2114 ήδη
885 2037 973 2106 ἔξοδοι

176 2129 265 2188 κοιναὶ
275 2127 401 2208 ἐγένοντο
415 2126 674 2202 Πελοποννησίοισι
688 2127 734 2184 καὶ
746 2125 779 2184 τό
793 2125 914 2186 παλαιόν
927 2127 974 2185 καὶ

175 2215 208 2276 τό
227 2215 295 2288 νέον,
311 2215 342 2284 ἐξ
360 2215 463 2274 ἐκείνου
480 2219 530 2274 τοῦ
548 2214 650 2294 χρόνου
668 2214 730 2272 ἐπεί
745 2239 776 2272 τε
793 2213 974 2291 Ἡρακλεῖδαι
1049 2264 1055 2275 ,

176 2307 322 2380 ἐπειρῶντο
341 2301 412 2378 μετά
429 2301 479 2362 τόν
492 2300 651 2378 Εὐρυσθέος
665 2299 784 2360 θάνατον
795 2300 932 2364 κατιόντες
947 2306 974 2365 ἐς

176 2389 404 2466 Πελοπόννησον.
447 2389 511 2449 τότε
530 2388 666 2466 εύρόμεθα
686 2393 768 2448 τοῦτο
789 2388 834 2447 διό
857 2394 974 2469 πρῆγμα

175 2476 291 2536 τοιόνδε·
321 2478 381 2538 ἐπεὶ
401 2477 473 2554 μετοῖ
493 2475 615 2556 Ἀχαιῶν
638 2477 683 2536 καὶ
704 2476 803 2536 Ἰιόνων
828 2481 883 2536 τῶν
909 2475 974 2536 τότε

176 2563 274 2624 ἐόντων
287 2569 316 2624 ἐν
331 2563 550 2643 Πελοποννήσῳ,
565 2566 790 2641 ἐκβοηθήσαντες
801 2569 828 2627 ἐς
841 2564 890 2623 τόν
900 2563 975 2624 Ἰσθ-

176 2650 230 2727 μόν
246 2651 361 2728 ἱζόμεθα
382 2651 469 2714 ἀντίοι
490 2655 566 2712 τοῖσι
590 2657 726 2712 κατιοῦσι·
747 2651 811 2711 τότε
832 2650 869 2710 ὧν
889 2650 976 2733 λόγος

173 2738 280 2798 Ὕλλον
294 2738 512 2820 ἀγορεύσασθαι,
528 2739 563 2802 ἀς
575 2739 658 2818 χρεόν
672 2742 713 2814 εἴη
726 2739 776 2800 τόν
788 2741 840 2815 μὲν
853 2738 976 2815 στρατόν

175 2831 214 2906 τῷ
233 2831 344 2907 στρατῷ
361 2827 401 2904 μή
418 2827 633 2888 ἀνακινδυνεύειν
654 2827 872 2903 συμβάλλοντα·
898 2832 928 2884 ἐκ
946 2827 976 2898 δέ

178 2920 228 2976 τοῦ
237 2916 469 2990 Πελοποννησίου
478 2915 678 2990 στρατοπέδου,
681 2914 731 2980 Ιτόν
739 2913 772 2973 ἂν
781 2915 878 2989 σφέων
887 2914 976 2973 αὐτῶν

177 3004 289 3080 κρίνωσι
306 3003 374 3063 εἶναι
393 3001 509 3080 όριστον
529 3001 629 3062 τοῦτόν
654 3005 681 3060 οἱ
698 3005 917 3080 μουνομαχῆσαι
931 3003 976 3060 ε’πὶ

177 3091 383 3168 διακειμένοισι.
399 3089 477 3159 ἔδοξέ
484 3115 516 3149 τε
525 3093 601 3149 τοῖσι
615 3089 876 3164 Πελοποννησίοισι
889 3092 976 3147 ταῦτα

178 3177 246 3237 εἶναι
260 3181 383 3254 ποιητέα,
399 3179 445 3238 καὶ
458 3178 559 3254 ἔταμον
572 3176 651 3253 ὅρκια
666 3177 711 3234 ἐπὶ
725 3175 801 3256 λόγῳ
815 3175 918 3252 τοιῷδε·
940 3173 976 3250 ἢν

181 3267 227 3335 μὲν
248 3265 356 3330 Ὕλλος
383 3266 484 3344 νικήσῃ
510 3263 559 3323 τόν
580 3264 817 3338 Πελοποννησίων
842 3261 975 3341 ἡγεμόνα,
