<?xml version="1.0" encoding="UTF-8"?>
<!DOCTYPE html PUBLIC "-//W3C//DTD XHTML 1.0 Transitional//EN"
    "http://www.w3.org/TR/xhtml1/DTD/xhtml1-transitional.dtd">
<html xmlns="http://www.w3.org/1999/xhtml" xml:lang="en" lang="en">
 <head>
  <title>
</title>
<meta http-equiv="Content-Type" content="text/html;charset=utf-8" />
  <meta name='ocr-system' content='tesseract 3.04.00' />
  <meta name='ocr-capabilities' content='ocr_page ocr_carea ocr_par ocr_line ocrx_word'/>
</head>
<body>
  <div class='ocr_page' id='page_1' title='image "./herodotusrecens02blakgoog_0045.png"; bbox 0 0 2268 3536; ppageno 0'>
   <div class='ocr_carea' id='block_1_1' title="bbox 165 149 1016 3400">
    <p class='ocr_par' dir='ltr' id='par_1_1' title="bbox 165 149 971 928">
     <span class='ocr_line' id='line_1_1' title="bbox 165 149 971 213; baseline -0.006 -11"><span class='ocrx_word' id='word_1_1' title='bbox 165 150 276 213; x_wconf 56' lang='lat'><strong>772-81]</strong></span> <span class='ocrx_word' id='word_1_2' title='bbox 478 149 683 201; x_wconf 62' lang='lat' dir='ltr'>OEEPWIXOPH.</span> <span class='ocrx_word' id='word_1_3' title='bbox 940 151 971 198; x_wconf 74' lang='lat'>3³</span> 
     </span>
     <span class='ocr_line' id='line_1_2' title="bbox 165 227 968 310; baseline 0 -22"><span class='ocrx_word' id='word_1_4' title='bbox 165 233 278 308; x_wconf 82' lang='grc' dir='ltr'>μοῦνον,</span> <span class='ocrx_word' id='word_1_5' title='bbox 292 227 371 288; x_wconf 79' lang='grc' dir='ltr'>ιίλλδ</span> <span class='ocrx_word' id='word_1_6' title='bbox 383 233 522 310; x_wconf 78' lang='grc' dir='ltr'>πανταχῇ,</span> <span class='ocrx_word' id='word_1_7' title='bbox 541 229 560 306; x_wconf 80' lang='grc' dir='ltr'><em>ἡ</em></span> <span class='ocrx_word' id='word_1_8' title='bbox 582 230 712 310; x_wconf 80' lang='grc' dir='ltr'>ἰσηγορίη</span> <span class='ocrx_word' id='word_1_9' title='bbox 731 229 766 293; x_wconf 70' lang='grc' dir='ltr'>οἷς</span> <span class='ocrx_word' id='word_1_10' title='bbox 785 229 848 290; x_wconf 81' lang='grc' dir='ltr'>ἐστι</span> <span class='ocrx_word' id='word_1_11' title='bbox 868 233 968 308; x_wconf 78' lang='grc' dir='ltr'>χρῆμα</span> 
     </span>
     <span class='ocr_line' id='line_1_3' title="bbox 165 317 965 396; baseline -0.001 -18"><span class='ocrx_word' id='word_1_12' title='bbox 165 318 329 378; x_wconf 78' lang='grc' dir='ltr'>σπουδαῖον·</span> <span class='ocrx_word' id='word_1_13' title='bbox 352 323 375 378; x_wconf 91' lang='grc' dir='ltr'>εἰ</span> <span class='ocrx_word' id='word_1_14' title='bbox 389 319 435 378; x_wconf 85' lang='grc' dir='ltr'>καί</span> <span class='ocrx_word' id='word_1_15' title='bbox 447 318 592 393; x_wconf 79' lang='grc' dir='ltr'>Ἀθηναῖοι</span> <span class='ocrx_word' id='word_1_16' title='bbox 610 317 837 396; x_wconf 83' lang='grc' dir='ltr'>τυραννευόμενοι</span> <span class='ocrx_word' id='word_1_17' title='bbox 852 320 903 394; x_wconf 75' lang='grc' dir='ltr'>μὲν</span> <span class='ocrx_word' id='word_1_18' title='bbox 922 318 965 377; x_wconf 68' lang='lat'>013-</span> 
     </span>
     <span class='ocr_line' id='line_1_4' title="bbox 166 405 968 484; baseline 0.001 -20"><span class='ocrx_word' id='word_1_19' title='bbox 166 406 260 483; x_wconf 77' lang='grc' dir='ltr'>δαμῶν</span> <span class='ocrx_word' id='word_1_20' title='bbox 281 411 337 467; x_wconf 80' lang='grc' dir='ltr'>τῶν</span> <span class='ocrx_word' id='word_1_21' title='bbox 358 409 451 484; x_wconf 87' lang='grc' dir='ltr'>σφέας</span> <span class='ocrx_word' id='word_1_22' title='bbox 472 406 680 484; x_wconf 79' lang='grc' dir='ltr'>περιοικεόντων</span> <span class='ocrx_word' id='word_1_23' title='bbox 698 405 773 482; x_wconf 87' lang='grc' dir='ltr'>ἦσαν</span> <span class='ocrx_word' id='word_1_24' title='bbox 793 406 829 464; x_wconf 89' lang='grc' dir='ltr'>τοὶ</span> <span class='ocrx_word' id='word_1_25' title='bbox 845 407 968 484; x_wconf 88' lang='grc' dir='ltr'>πολέμια</span> 
     </span>
     <span class='ocr_line' id='line_1_5' title="bbox 166 493 968 576; baseline 0.001 -23"><span class='ocrx_word' id='word_1_26' title='bbox 166 493 302 571; x_wconf 76' lang='grc' dir='ltr'>ἀμείνους,</span> <span class='ocrx_word' id='word_1_27' title='bbox 316 495 547 576; x_wconf 78' lang='grc' dir='ltr'>ἀπαλλαχθέντες</span> <span class='ocrx_word' id='word_1_28' title='bbox 560 495 590 554; x_wconf 80' lang='grc' dir='ltr'>δὲ</span> <span class='ocrx_word' id='word_1_29' title='bbox 603 494 741 572; x_wconf 80' lang='grc' dir='ltr'>τυράννων</span> <span class='ocrx_word' id='word_1_30' title='bbox 753 497 851 572; x_wconf 87' lang='grc' dir='ltr'>μακρῷ</span> <span class='ocrx_word' id='word_1_31' title='bbox 862 499 968 572; x_wconf 78' lang='grc' dir='ltr'>πρῶτοι</span> 
     </span>
     <span class='ocr_line' id='line_1_6' title="bbox 166 581 967 664; baseline 0.001 -23"><span class='ocrx_word' id='word_1_32' title='bbox 166 584 303 664; x_wconf 87' lang='grc' dir='ltr'>ἐγένοντο.</span> <span class='ocrx_word' id='word_1_33' title='bbox 345 583 429 660; x_wconf 80' lang='grc' dir='ltr'>δηλοῖ</span> <span class='ocrx_word' id='word_1_34' title='bbox 455 583 492 643; x_wconf 81' lang='grc' dir='ltr'>ὧν</span> <span class='ocrx_word' id='word_1_35' title='bbox 518 589 614 654; x_wconf 82' lang='grc' dir='ltr'>ταῦτα,</span> <span class='ocrx_word' id='word_1_36' title='bbox 643 583 686 642; x_wconf 85' lang='grc' dir='ltr'>ὅτι</span> <span class='ocrx_word' id='word_1_37' title='bbox 714 581 895 661; x_wconf 83' lang='grc' dir='ltr'>κατεχόμενοι</span> <span class='ocrx_word' id='word_1_38' title='bbox 915 586 967 658; x_wconf 85' lang='grc' dir='ltr'>μέν</span> 
     </span>
     <span class='ocr_line' id='line_1_7' title="bbox 167 667 970 754; baseline 0.001 -25"><span class='ocrx_word' id='word_1_39' title='bbox 167 672 349 733; x_wconf 77' lang='grc' dir='ltr'>ἐθελοκάκεον</span> <span class='ocrx_word' id='word_1_40' title='bbox 368 673 403 736; x_wconf 81' lang='grc' dir='ltr'>ὦς</span> <span class='ocrx_word' id='word_1_41' title='bbox 422 667 547 752; x_wconf 82' lang='grc' dir='ltr'>δεσπότῃ</span> <span class='ocrx_word' id='word_1_42' title='bbox 562 672 749 754; x_wconf 82' lang='grc' dir='ltr'>ἐργαζόμενοι,</span> <span class='ocrx_word' id='word_1_43' title='bbox 776 671 970 748; x_wconf 88' lang='grc' dir='ltr'>ἐλευθερωθέν·</span> 
     </span>
     <span class='ocr_line' id='line_1_8' title="bbox 165 758 968 840; baseline 0 -22"><span class='ocrx_word' id='word_1_44' title='bbox 165 785 220 818; x_wconf 85' lang='grc' dir='ltr'>των</span> <span class='ocrx_word' id='word_1_45' title='bbox 238 761 268 819; x_wconf 85' lang='grc' dir='ltr'>δὲ</span> <span class='ocrx_word' id='word_1_46' title='bbox 287 760 370 824; x_wconf 80' lang='grc' dir='ltr'>αὐτός</span> <span class='ocrx_word' id='word_1_47' title='bbox 384 760 501 824; x_wconf 75' lang='grc' dir='ltr'>ἕκαστος</span> <span class='ocrx_word' id='word_1_48' title='bbox 515 765 604 840; x_wconf 77' lang='grc' dir='ltr'>ἑωυτῷ</span> <span class='ocrx_word' id='word_1_49' title='bbox 617 762 791 840; x_wconf 86' lang='grc' dir='ltr'>προθυμέετο</span> <span class='ocrx_word' id='word_1_50' title='bbox 807 758 945 840; x_wconf 83' lang='grc' dir='ltr'>κατεργόζ</span> <span class='ocrx_word' id='word_1_51' title='bbox 957 794 968 804; x_wconf 95' lang='grc'>-</span> 
     </span>
     <span class='ocr_line' id='line_1_9' title="bbox 167 846 787 928; baseline 0.003 -22"><span class='ocrx_word' id='word_1_52' title='bbox 167 849 243 908; x_wconf 85' lang='grc' dir='ltr'>σθαι.</span> <span class='ocrx_word' id='word_1_53' title='bbox 288 846 364 908; x_wconf 82' lang='grc' dir='ltr'>οὗτοι</span> <span class='ocrx_word' id='word_1_54' title='bbox 384 849 436 926; x_wconf 91' lang='grc' dir='ltr'>μέν</span> <span class='ocrx_word' id='word_1_55' title='bbox 456 876 505 910; x_wconf 90' lang='grc' dir='ltr'>νυν</span> <span class='ocrx_word' id='word_1_56' title='bbox 524 854 613 909; x_wconf 83' lang='grc' dir='ltr'>ταῦτα</span> <span class='ocrx_word' id='word_1_57' title='bbox 633 851 787 928; x_wconf 78' lang='grc' dir='ltr'>ἔπρησσον.</span> 
     </span>
    </p>

    <p class='ocr_par' dir='ltr' id='par_1_2' title="bbox 166 935 1016 3400">
     <span class='ocr_line' id='line_1_10' title="bbox 207 935 1015 1015; baseline -0.002 -19"><span class='ocrx_word' id='word_1_58' title='bbox 207 939 332 1014; x_wconf 81' lang='grc' dir='ltr'>Θηβαῖοι</span> <span class='ocrx_word' id='word_1_59' title='bbox 351 938 380 996; x_wconf 89' lang='grc' dir='ltr'>δὲ</span> <span class='ocrx_word' id='word_1_60' title='bbox 398 938 470 1015; x_wconf 79' lang='grc' dir='ltr'>μετὰ</span> <span class='ocrx_word' id='word_1_61' title='bbox 487 943 574 998; x_wconf 80' lang='grc' dir='ltr'>ταῦτα</span> <span class='ocrx_word' id='word_1_62' title='bbox 593 943 621 1002; x_wconf 90' lang='grc' dir='ltr'>ἐς</span> <span class='ocrx_word' id='word_1_63' title='bbox 638 939 702 998; x_wconf 80' lang='grc' dir='ltr'>θεόν</span> <span class='ocrx_word' id='word_1_64' title='bbox 715 940 847 1015; x_wconf 78' lang='grc' dir='ltr'>ἔπεμπον,</span> <span class='ocrx_word' id='word_1_65' title='bbox 861 935 966 1013; x_wconf 85' lang='grc' dir='ltr'>βουλό-</span> <span class='ocrx_word' id='word_1_66' title='bbox 979 935 1015 996; x_wconf 79' lang='grc'>79</span> 
     </span>
     <span class='ocr_line' id='line_1_11' title="bbox 166 1025 967 1103; baseline -0.002 -19"><span class='ocrx_word' id='word_1_67' title='bbox 166 1049 245 1100; x_wconf 88' lang='grc' dir='ltr'>μενοι</span> <span class='ocrx_word' id='word_1_68' title='bbox 258 1027 396 1086; x_wconf 84' lang='grc' dir='ltr'>τίσασθαι</span> <span class='ocrx_word' id='word_1_69' title='bbox 409 1027 582 1103; x_wconf 85' lang='grc' dir='ltr'>Ἀθηναίους.</span> <span class='ocrx_word' id='word_1_70' title='bbox 614 1026 632 1102; x_wconf 79' lang='grc' dir='ltr'><em>ἦ</em></span> <span class='ocrx_word' id='word_1_71' title='bbox 646 1027 675 1085; x_wconf 84' lang='grc' dir='ltr'>δὲ</span> <span class='ocrx_word' id='word_1_72' title='bbox 690 1026 784 1101; x_wconf 81' lang='grc' dir='ltr'>Πυθίη</span> <span class='ocrx_word' id='word_1_73' title='bbox 799 1025 855 1084; x_wconf 77' lang='grc' dir='ltr'>ἀπό</span> <span class='ocrx_word' id='word_1_74' title='bbox 870 1026 967 1100; x_wconf 85' lang='grc' dir='ltr'>σφέων</span> 
     </span>
     <span class='ocr_line' id='line_1_12' title="bbox 167 1113 976 1190; baseline -0.001 -19"><span class='ocrx_word' id='word_1_75' title='bbox 167 1114 219 1188; x_wconf 85' lang='grc' dir='ltr'>μέν</span> <span class='ocrx_word' id='word_1_76' title='bbox 233 1113 322 1173; x_wconf 80' lang='grc' dir='ltr'>αὐτῶν</span> <span class='ocrx_word' id='word_1_77' title='bbox 336 1114 385 1172; x_wconf 81' lang='grc' dir='ltr'>οὐκ</span> <span class='ocrx_word' id='word_1_78' title='bbox 397 1115 451 1190; x_wconf 86' lang='grc' dir='ltr'>ἐφη</span> <span class='ocrx_word' id='word_1_79' title='bbox 461 1115 572 1174; x_wconf 81' lang='grc' dir='ltr'>αὐταῖσι</span> <span class='ocrx_word' id='word_1_80' title='bbox 584 1115 653 1174; x_wconf 85' lang='grc' dir='ltr'>εἰναι</span> <span class='ocrx_word' id='word_1_81' title='bbox 665 1117 748 1183; x_wconf 89' lang='grc' dir='ltr'>τίσιν,</span> <span class='ocrx_word' id='word_1_82' title='bbox 760 1119 787 1176; x_wconf 87' lang='grc' dir='ltr'>ἐς</span> <span class='ocrx_word' id='word_1_83' title='bbox 801 1119 976 1172; x_wconf 85' lang='grc' dir='ltr'>ΠΟΛΥΦΗ-</span> 
     </span>
     <span class='ocr_line' id='line_1_13' title="bbox 168 1201 968 1270; baseline 0.003 -14"><span class='ocrx_word' id='word_1_84' title='bbox 168 1205 259 1258; x_wconf 92' lang='lat' dir='ltr'>MON</span> <span class='ocrx_word' id='word_1_85' title='bbox 286 1201 316 1259; x_wconf 89' lang='grc' dir='ltr'>δέ</span> <span class='ocrx_word' id='word_1_86' title='bbox 344 1202 527 1270; x_wconf 77' lang='grc' dir='ltr'>ἐξενείκαντας</span> <span class='ocrx_word' id='word_1_87' title='bbox 554 1204 662 1261; x_wconf 89' lang='grc' dir='ltr'>ἐκέλευε</span> <span class='ocrx_word' id='word_1_88' title='bbox 688 1207 767 1261; x_wconf 84' lang='grc' dir='ltr'>ΤΩΝ</span> <span class='ocrx_word' id='word_1_89' title='bbox 793 1201 968 1263; x_wconf 77' lang='grc' dir='ltr'>ἈΓΧΙΣΤΑ</span> 
     </span>
     <span class='ocr_line' id='line_1_14' title="bbox 170 1289 967 1366; baseline 0 -20"><span class='ocrx_word' id='word_1_90' title='bbox 170 1289 348 1353; x_wconf 77' lang='grc' dir='ltr'>ΔΕΕΣΘΑΙ.</span> <span class='ocrx_word' id='word_1_91' title='bbox 390 1289 568 1350; x_wconf 82' lang='grc' dir='ltr'>ἀπελθόντων</span> <span class='ocrx_word' id='word_1_92' title='bbox 589 1289 625 1349; x_wconf 84' lang='grc' dir='ltr'>ιῖν</span> <span class='ocrx_word' id='word_1_93' title='bbox 645 1294 699 1349; x_wconf 81' lang='grc' dir='ltr'>τῶν</span> <span class='ocrx_word' id='word_1_94' title='bbox 721 1289 892 1366; x_wconf 86' lang='grc' dir='ltr'>θεοπρόπων,</span> <span class='ocrx_word' id='word_1_95' title='bbox 913 1290 967 1356; x_wconf 84' lang='grc' dir='ltr'>ἐξέ-</span> 
     </span>
     <span class='ocr_line' id='line_1_15' title="bbox 170 1375 969 1456; baseline 0.003 -22"><span class='ocrx_word' id='word_1_96' title='bbox 170 1383 259 1454; x_wconf 86' lang='grc' dir='ltr'>φερον</span> <span class='ocrx_word' id='word_1_97' title='bbox 277 1377 309 1437; x_wconf 82' lang='grc' dir='ltr'>τό</span> <span class='ocrx_word' id='word_1_98' title='bbox 328 1377 501 1456; x_wconf 76' lang='grc' dir='ltr'>χρηστήριον</span> <span class='ocrx_word' id='word_1_99' title='bbox 520 1377 603 1454; x_wconf 86' lang='grc' dir='ltr'>αἰλίην</span> <span class='ocrx_word' id='word_1_100' title='bbox 621 1377 817 1454; x_wconf 81' lang='grc' dir='ltr'>ποιησόμενοι·</span> <span class='ocrx_word' id='word_1_101' title='bbox 839 1375 874 1439; x_wconf 80' lang='grc' dir='ltr'>ὥς</span> <span class='ocrx_word' id='word_1_102' title='bbox 892 1382 969 1436; x_wconf 86' lang='grc' dir='ltr'>ἐπυν-</span> 
     </span>
     <span class='ocr_line' id='line_1_16' title="bbox 169 1464 969 1546; baseline -0.001 -22"><span class='ocrx_word' id='word_1_103' title='bbox 169 1465 286 1526; x_wconf 81' lang='grc' dir='ltr'>θάνοντο</span> <span class='ocrx_word' id='word_1_104' title='bbox 300 1467 329 1525; x_wconf 82' lang='grc' dir='ltr'>δὲ</span> <span class='ocrx_word' id='word_1_105' title='bbox 343 1465 483 1546; x_wconf 84' lang='grc' dir='ltr'>λεγόντων</span> <span class='ocrx_word' id='word_1_106' title='bbox 501 1465 591 1526; x_wconf 79' lang='grc' dir='ltr'>αὐτῶν</span> <span class='ocrx_word' id='word_1_107' title='bbox 611 1471 690 1524; x_wconf 84' lang='grc' dir='ltr'>ΤΩΝ</span> <span class='ocrx_word' id='word_1_108' title='bbox 708 1464 883 1528; x_wconf 78' lang='grc' dir='ltr'>ἈΓΧΙΣΤΑ</span> <span class='ocrx_word' id='word_1_109' title='bbox 906 1471 969 1524; x_wconf 83' lang='grc' dir='ltr'>ΔΕ-</span> 
     </span>
     <span class='ocr_line' id='line_1_17' title="bbox 168 1553 969 1631; baseline 0 -19"><span class='ocrx_word' id='word_1_110' title='bbox 168 1556 293 1625; x_wconf 77' lang='grc' dir='ltr'>ΕΣΘΑΙ,</span> <span class='ocrx_word' id='word_1_111' title='bbox 309 1555 390 1615; x_wconf 86' lang='grc' dir='ltr'>εἶπαν</span> <span class='ocrx_word' id='word_1_112' title='bbox 403 1559 429 1614; x_wconf 86' lang='grc' dir='ltr'>οἱ</span> <span class='ocrx_word' id='word_1_113' title='bbox 440 1557 564 1631; x_wconf 80' lang='grc' dir='ltr'>Θηβαῖοι</span> <span class='ocrx_word' id='word_1_114' title='bbox 577 1553 746 1618; x_wconf 81' lang='grc' dir='ltr'>α’κοόσαντες</span> <span class='ocrx_word' id='word_1_115' title='bbox 758 1553 871 1614; x_wconf 80' lang='grc' dir='ltr'>τούτων·</span> <span class='ocrx_word' id='word_1_116' title='bbox 893 1563 911 1589; x_wconf 87' lang='grc'><strong>“</strong></span> <span class='ocrx_word' id='word_1_117' title='bbox 920 1553 969 1612; x_wconf 77' lang='grc' dir='ltr'>οὐκ</span> 
     </span>
     <span class='ocr_line' id='line_1_18' title="bbox 169 1641 967 1725; baseline 0 -24"><span class='ocrx_word' id='word_1_118' title='bbox 169 1641 206 1702; x_wconf 82' lang='grc' dir='ltr'>ὧν</span> <span class='ocrx_word' id='word_1_119' title='bbox 226 1641 350 1724; x_wconf 79' lang='grc' dir='ltr'>ἄγχιστα</span> <span class='ocrx_word' id='word_1_120' title='bbox 368 1643 461 1720; x_wconf 78' lang='grc' dir='ltr'>ἡμέων</span> <span class='ocrx_word' id='word_1_121' title='bbox 482 1645 606 1703; x_wconf 90' lang='grc' dir='ltr'>οἰκέουσι</span> <span class='ocrx_word' id='word_1_122' title='bbox 619 1643 792 1725; x_wconf 83' lang='grc' dir='ltr'>Ταναγραῖοί</span> <span class='ocrx_word' id='word_1_123' title='bbox 804 1669 835 1704; x_wconf 88' lang='grc' dir='ltr'>τε</span> <span class='ocrx_word' id='word_1_124' title='bbox 850 1644 896 1702; x_wconf 86' lang='grc' dir='ltr'>καὶ</span> <span class='ocrx_word' id='word_1_125' title='bbox 911 1649 967 1701; x_wconf 93' lang='grc' dir='ltr'>Κο-</span> 
     </span>
     <span class='ocr_line' id='line_1_19' title="bbox 168 1731 969 1814; baseline -0.001 -25"><span class='ocrx_word' id='word_1_126' title='bbox 168 1735 280 1807; x_wconf 81' lang='grc' dir='ltr'>ρωναῖοι</span> <span class='ocrx_word' id='word_1_127' title='bbox 301 1732 347 1790; x_wconf 87' lang='grc' dir='ltr'>καὶ</span> <span class='ocrx_word' id='word_1_128' title='bbox 368 1735 511 1801; x_wconf 79' lang='grc' dir='ltr'>Θεσπιέες,</span> <span class='ocrx_word' id='word_1_129' title='bbox 530 1734 576 1791; x_wconf 88' lang='grc' dir='ltr'>καί</span> <span class='ocrx_word' id='word_1_130' title='bbox 598 1731 677 1792; x_wconf 81' lang='grc' dir='ltr'>οὗτοί</span> <span class='ocrx_word' id='word_1_131' title='bbox 695 1759 728 1814; x_wconf 92' lang='grc' dir='ltr'>γε</span> <span class='ocrx_word' id='word_1_132' title='bbox 750 1731 809 1808; x_wconf 80' lang='grc' dir='ltr'>ἅμα</span> <span class='ocrx_word' id='word_1_133' title='bbox 830 1731 898 1808; x_wconf 79' lang='grc' dir='ltr'>ἡμῖν</span> <span class='ocrx_word' id='word_1_134' title='bbox 917 1733 969 1789; x_wconf 87' lang='grc' dir='ltr'>αἰεὶ</span> 
     </span>
     <span class='ocr_line' id='line_1_20' title="bbox 168 1819 968 1898; baseline 0.001 -21"><span class='ocrx_word' id='word_1_135' title='bbox 168 1819 332 1898; x_wconf 88' lang='grc' dir='ltr'>μαχόμενοι,</span> <span class='ocrx_word' id='word_1_136' title='bbox 351 1820 500 1898; x_wconf 75' lang='grc' dir='ltr'>προθύμως</span> <span class='ocrx_word' id='word_1_137' title='bbox 521 1822 743 1898; x_wconf 78' lang='grc' dir='ltr'>συνδιαφέρουσι</span> <span class='ocrx_word' id='word_1_138' title='bbox 761 1821 810 1880; x_wconf 82' lang='grc' dir='ltr'>τόν</span> <span class='ocrx_word' id='word_1_139' title='bbox 826 1819 968 1896; x_wconf 85' lang='grc' dir='ltr'>πόλεμον;</span> 
     </span>
     <span class='ocr_line' id='line_1_21' title="bbox 168 1907 969 1990; baseline 0 -25"><span class='ocrx_word' id='word_1_140' title='bbox 168 1907 199 1965; x_wconf 88' lang='grc' dir='ltr'>τί</span> <span class='ocrx_word' id='word_1_141' title='bbox 210 1907 252 1966; x_wconf 83' lang='grc' dir='ltr'>δεῖ</span> <span class='ocrx_word' id='word_1_142' title='bbox 263 1908 368 1968; x_wconf 84' lang='grc' dir='ltr'>τούτων</span> <span class='ocrx_word' id='word_1_143' title='bbox 380 1935 414 1990; x_wconf 85' lang='grc' dir='ltr'>γε</span> <span class='ocrx_word' id='word_1_144' title='bbox 427 1909 552 1978; x_wconf 88' lang='grc' dir='ltr'>δέεσθαι;</span> <span class='ocrx_word' id='word_1_145' title='bbox 567 1909 644 1968; x_wconf 74' lang='grc' dir='ltr'>ἄλλα</span> <span class='ocrx_word' id='word_1_146' title='bbox 657 1914 771 1986; x_wconf 80' lang='grc' dir='ltr'>μᾶλλον</span> <span class='ocrx_word' id='word_1_147' title='bbox 784 1908 824 1985; x_wconf 78' lang='grc' dir='ltr'><em>μή</em></span> <span class='ocrx_word' id='word_1_148' title='bbox 839 1907 871 1968; x_wconf 79' lang='grc' dir='ltr'>οὗ</span> <span class='ocrx_word' id='word_1_149' title='bbox 885 1911 969 1967; x_wconf 80' lang='grc' dir='ltr'>τοῦτο</span> 
     </span>
     <span class='ocr_line' id='line_1_22' title="bbox 168 1992 1016 2077; baseline 0.001 -24"><span class='ocrx_word' id='word_1_150' title='bbox 168 1992 232 2072; x_wconf 81' lang='grc' dir='ltr'>ᾒτό</span> <span class='ocrx_word' id='word_1_151' title='bbox 246 1995 446 2073; x_wconf 75' lang='grc' dir='ltr'>χρηστήριον.”</span> <span class='ocrx_word' id='word_1_152' title='bbox 487 1999 609 2056; x_wconf 83' lang='grc' dir='ltr'>Τοιαῦτα</span> <span class='ocrx_word' id='word_1_153' title='bbox 630 1997 663 2072; x_wconf 78' lang='grc' dir='ltr'>δὴ</span> <span class='ocrx_word' id='word_1_154' title='bbox 682 1997 893 2077; x_wconf 89' lang='grc' dir='ltr'>ἐπιλεγομένων,</span> <span class='ocrx_word' id='word_1_155' title='bbox 910 1995 970 2053; x_wconf 90' lang='grc' dir='ltr'>εἰπε</span> <span class='ocrx_word' id='word_1_156' title='bbox 979 1997 1016 2054; x_wconf 86' lang='grc'>80</span> 
     </span>
     <span class='ocr_line' id='line_1_23' title="bbox 168 2082 966 2166; baseline 0 -24"><span class='ocrx_word' id='word_1_157' title='bbox 168 2083 203 2158; x_wconf 87' lang='grc' dir='ltr'>δή</span> <span class='ocrx_word' id='word_1_158' title='bbox 225 2110 289 2143; x_wconf 92' lang='grc' dir='ltr'>κοτε</span> <span class='ocrx_word' id='word_1_159' title='bbox 309 2084 407 2161; x_wconf 76' lang='grc' dir='ltr'>μαθων</span> <span class='ocrx_word' id='word_1_160' title='bbox 428 2111 478 2149; x_wconf 91' lang='grc' dir='ltr'>τις·</span> <span class='ocrx_word' id='word_1_161' title='bbox 501 2085 582 2166; x_wconf 82' lang='grc' dir='ltr'>“ἐγοί</span> <span class='ocrx_word' id='word_1_162' title='bbox 603 2111 652 2162; x_wconf 92' lang='grc' dir='ltr'>μοι</span> <span class='ocrx_word' id='word_1_163' title='bbox 677 2086 762 2144; x_wconf 87' lang='grc' dir='ltr'>δοκέω</span> <span class='ocrx_word' id='word_1_164' title='bbox 786 2083 911 2143; x_wconf 89' lang='grc' dir='ltr'>συνιέναι</span> <span class='ocrx_word' id='word_1_165' title='bbox 934 2082 966 2142; x_wconf 82' lang='grc' dir='ltr'>τό</span> 
     </span>
     <span class='ocr_line' id='line_1_24' title="bbox 169 2172 970 2254; baseline -0.002 -24"><span class='ocrx_word' id='word_1_166' title='bbox 169 2172 258 2231; x_wconf 87' lang='grc' dir='ltr'>ἐθέλει</span> <span class='ocrx_word' id='word_1_167' title='bbox 274 2173 366 2254; x_wconf 90' lang='grc' dir='ltr'>λέγειν</span> <span class='ocrx_word' id='word_1_168' title='bbox 385 2173 453 2250; x_wconf 73' lang='grc' dir='ltr'>η’μίν</span> <span class='ocrx_word' id='word_1_169' title='bbox 465 2174 499 2233; x_wconf 81' lang='grc' dir='ltr'>τό</span> <span class='ocrx_word' id='word_1_170' title='bbox 513 2175 657 2250; x_wconf 82' lang='grc' dir='ltr'>μαντήϊον.</span> <span class='ocrx_word' id='word_1_171' title='bbox 689 2173 821 2232; x_wconf 85' lang='grc' dir='ltr'>Ἀσωποῦ</span> <span class='ocrx_word' id='word_1_172' title='bbox 838 2174 970 2250; x_wconf 86' lang='grc' dir='ltr'>λέγονται</span> 
     </span>
     <span class='ocr_line' id='line_1_25' title="bbox 168 2259 970 2342; baseline -0.001 -23"><span class='ocrx_word' id='word_1_173' title='bbox 168 2261 300 2339; x_wconf 90' lang='grc' dir='ltr'>γενέσθαι</span> <span class='ocrx_word' id='word_1_174' title='bbox 322 2262 471 2342; x_wconf 83' lang='grc' dir='ltr'>θυγατέρες</span> <span class='ocrx_word' id='word_1_175' title='bbox 492 2261 578 2337; x_wconf 75' lang='grc' dir='ltr'>Θήβη</span> <span class='ocrx_word' id='word_1_176' title='bbox 600 2287 631 2320; x_wconf 92' lang='grc' dir='ltr'>τε</span> <span class='ocrx_word' id='word_1_177' title='bbox 654 2261 700 2319; x_wconf 87' lang='grc' dir='ltr'>καὶ</span> <span class='ocrx_word' id='word_1_178' title='bbox 718 2261 829 2340; x_wconf 82' lang='grc' dir='ltr'>Αἴγινα·</span> <span class='ocrx_word' id='word_1_179' title='bbox 853 2259 970 2318; x_wconf 83' lang='grc' dir='ltr'>τουτέων</span> 
     </span>
     <span class='ocr_line' id='line_1_26' title="bbox 168 2345 969 2429; baseline 0.001 -23"><span class='ocrx_word' id='word_1_180' title='bbox 168 2347 314 2424; x_wconf 77' lang='grc' dir='ltr'>ἀδελφεῶν</span> <span class='ocrx_word' id='word_1_181' title='bbox 335 2350 462 2418; x_wconf 86' lang='grc' dir='ltr'>ἐουσέων,</span> <span class='ocrx_word' id='word_1_182' title='bbox 483 2349 567 2407; x_wconf 81' lang='grc' dir='ltr'>δοκέω</span> <span class='ocrx_word' id='word_1_183' title='bbox 585 2349 652 2426; x_wconf 77' lang='grc' dir='ltr'>ἡμῖν</span> <span class='ocrx_word' id='word_1_184' title='bbox 670 2345 839 2429; x_wconf 81' lang='grc' dir='ltr'>Αἰγινητέων</span> <span class='ocrx_word' id='word_1_185' title='bbox 856 2346 969 2407; x_wconf 89' lang='grc' dir='ltr'>δέεσθαι</span> 
     </span>
     <span class='ocr_line' id='line_1_27' title="bbox 167 2435 969 2518; baseline 0.001 -24"><span class='ocrx_word' id='word_1_186' title='bbox 167 2435 217 2495; x_wconf 80' lang='grc' dir='ltr'>τόν</span> <span class='ocrx_word' id='word_1_187' title='bbox 230 2437 295 2497; x_wconf 83' lang='grc' dir='ltr'>θεόν</span> <span class='ocrx_word' id='word_1_188' title='bbox 307 2442 414 2516; x_wconf 78' lang='grc' dir='ltr'>χρῆσαι</span> <span class='ocrx_word' id='word_1_189' title='bbox 427 2436 623 2514; x_wconf 79' lang='grc' dir='ltr'>τιμωρητήρων</span> <span class='ocrx_word' id='word_1_190' title='bbox 635 2435 793 2518; x_wconf 83' lang='grc' dir='ltr'>γενέσθαι·”</span> <span class='ocrx_word' id='word_1_191' title='bbox 808 2437 854 2496; x_wconf 85' lang='grc' dir='ltr'>καί</span> <span class='ocrx_word' id='word_1_192' title='bbox 868 2436 901 2496; x_wconf 79' lang='grc' dir='ltr'>οιί</span> <span class='ocrx_word' id='word_1_193' title='bbox 915 2435 969 2518; x_wconf 85' lang='grc' dir='ltr'>γόρ</span> 
     </span>
     <span class='ocr_line' id='line_1_28' title="bbox 167 2524 967 2606; baseline 0.003 -24"><span class='ocrx_word' id='word_1_194' title='bbox 167 2549 210 2588; x_wconf 91' lang='grc' dir='ltr'>τις</span> <span class='ocrx_word' id='word_1_195' title='bbox 221 2526 324 2602; x_wconf 80' lang='grc' dir='ltr'>ταύτης</span> <span class='ocrx_word' id='word_1_196' title='bbox 336 2526 454 2603; x_wconf 87' lang='grc' dir='ltr'>οἰμείνων</span> <span class='ocrx_word' id='word_1_197' title='bbox 467 2525 563 2606; x_wconf 78' lang='grc' dir='ltr'>γνώμη</span> <span class='ocrx_word' id='word_1_198' title='bbox 578 2524 670 2586; x_wconf 86' lang='grc' dir='ltr'>ἐδόκεε</span> <span class='ocrx_word' id='word_1_199' title='bbox 691 2527 851 2602; x_wconf 87' lang='grc' dir='ltr'>φαίνεσθαι,</span> <span class='ocrx_word' id='word_1_200' title='bbox 867 2525 967 2586; x_wconf 71' lang='grc' dir='ltr'>αὐτίκα</span> 
     </span>
     <span class='ocr_line' id='line_1_29' title="bbox 167 2613 967 2696; baseline 0.001 -24"><span class='ocrx_word' id='word_1_201' title='bbox 167 2613 328 2692; x_wconf 76' lang='grc' dir='ltr'>πέμψαντες</span> <span class='ocrx_word' id='word_1_202' title='bbox 345 2614 453 2674; x_wconf 87' lang='grc' dir='ltr'>ἐδέοντο</span> <span class='ocrx_word' id='word_1_203' title='bbox 470 2615 646 2696; x_wconf 88' lang='grc' dir='ltr'>Αἰγινητέων,</span> <span class='ocrx_word' id='word_1_204' title='bbox 667 2615 877 2691; x_wconf 82' lang='grc' dir='ltr'>ἐπικαλεόμενοι</span> <span class='ocrx_word' id='word_1_205' title='bbox 897 2613 967 2673; x_wconf 82' lang='grc' dir='ltr'>κατοί</span> 
     </span>
     <span class='ocr_line' id='line_1_30' title="bbox 167 2701 966 2784; baseline 0.001 -23"><span class='ocrx_word' id='word_1_206' title='bbox 167 2701 200 2761; x_wconf 85' lang='grc' dir='ltr'>τδ</span> <span class='ocrx_word' id='word_1_207' title='bbox 213 2702 388 2782; x_wconf 81' lang='grc' dir='ltr'>χρηστήριόν</span> <span class='ocrx_word' id='word_1_208' title='bbox 401 2710 458 2779; x_wconf 90' lang='grc' dir='ltr'>σφι</span> <span class='ocrx_word' id='word_1_209' title='bbox 474 2703 614 2779; x_wconf 84' lang='grc' dir='ltr'>βοηθέειν,</span> <span class='ocrx_word' id='word_1_210' title='bbox 630 2702 665 2765; x_wconf 82' lang='grc' dir='ltr'>ὦς</span> <span class='ocrx_word' id='word_1_211' title='bbox 684 2701 783 2762; x_wconf 84' lang='grc' dir='ltr'>ἐόντων</span> <span class='ocrx_word' id='word_1_212' title='bbox 800 2702 966 2784; x_wconf 84' lang='grc' dir='ltr'>οἶγχιστέων·</span> 
     </span>
     <span class='ocr_line' id='line_1_31' title="bbox 167 2791 969 2868; baseline 0.001 -19"><span class='ocrx_word' id='word_1_213' title='bbox 167 2793 195 2849; x_wconf 88' lang='grc' dir='ltr'>οἰ</span> <span class='ocrx_word' id='word_1_214' title='bbox 217 2791 247 2850; x_wconf 88' lang='grc' dir='ltr'>δέ</span> <span class='ocrx_word' id='word_1_215' title='bbox 269 2798 325 2866; x_wconf 92' lang='grc' dir='ltr'>σφι</span> <span class='ocrx_word' id='word_1_216' title='bbox 342 2791 466 2852; x_wconf 90' lang='grc' dir='ltr'>αἰτέουσι</span> <span class='ocrx_word' id='word_1_217' title='bbox 487 2793 645 2868; x_wconf 80' lang='grc' dir='ltr'>ἐπικουρίην</span> <span class='ocrx_word' id='word_1_218' title='bbox 664 2791 728 2854; x_wconf 80' lang='grc' dir='ltr'>τοιίς</span> <span class='ocrx_word' id='word_1_219' title='bbox 749 2793 881 2855; x_wconf 84' lang='grc' dir='ltr'>Αἰακίδας</span> <span class='ocrx_word' id='word_1_220' title='bbox 899 2817 969 2867; x_wconf 85' lang='grc' dir='ltr'>συμ-</span> 
     </span>
     <span class='ocr_line' id='line_1_32' title="bbox 167 2878 1014 2961; baseline -0.002 -24"><span class='ocrx_word' id='word_1_221' title='bbox 167 2880 288 2956; x_wconf 83' lang='grc' dir='ltr'>πέμπειν</span> <span class='ocrx_word' id='word_1_222' title='bbox 303 2882 423 2956; x_wconf 80' lang='grc' dir='ltr'>ἔφασαν.</span> <span class='ocrx_word' id='word_1_223' title='bbox 467 2879 687 2957; x_wconf 88' lang='grc' dir='ltr'>Πειρησαμένων</span> <span class='ocrx_word' id='word_1_224' title='bbox 701 2879 730 2938; x_wconf 85' lang='grc' dir='ltr'>δέ</span> <span class='ocrx_word' id='word_1_225' title='bbox 742 2879 811 2961; x_wconf 82' lang='grc' dir='ltr'>[τῶν</span> <span class='ocrx_word' id='word_1_226' title='bbox 823 2878 968 2960; x_wconf 83' lang='grc' dir='ltr'>Θηβαίων]</span> <span class='ocrx_word' id='word_1_227' title='bbox 979 2879 1014 2936; x_wconf 85' lang='grc'>81</span> 
     </span>
     <span class='ocr_line' id='line_1_33' title="bbox 168 2966 968 3046; baseline 0.005 -22"><span class='ocrx_word' id='word_1_228' title='bbox 168 2966 239 3026; x_wconf 70' lang='grc' dir='ltr'>κατὰ</span> <span class='ocrx_word' id='word_1_229' title='bbox 262 2967 315 3044; x_wconf 80' lang='grc' dir='ltr'>τὴν</span> <span class='ocrx_word' id='word_1_230' title='bbox 339 2967 503 3046; x_wconf 83' lang='grc' dir='ltr'>συμμαχίην</span> <span class='ocrx_word' id='word_1_231' title='bbox 524 2973 578 3027; x_wconf 82' lang='grc' dir='ltr'>τῶν</span> <span class='ocrx_word' id='word_1_232' title='bbox 602 2967 753 3027; x_wconf 87' lang='grc' dir='ltr'>Αἰακιδέων</span> <span class='ocrx_word' id='word_1_233' title='bbox 776 2968 821 3026; x_wconf 90' lang='grc' dir='ltr'>καί</span> <span class='ocrx_word' id='word_1_234' title='bbox 845 2966 968 3044; x_wconf 86' lang='grc' dir='ltr'>τρηχέως</span> 
     </span>
     <span class='ocr_line' id='line_1_34' title="bbox 167 3051 969 3134; baseline -0.004 -21"><span class='ocrx_word' id='word_1_235' title='bbox 167 3056 372 3132; x_wconf 86' lang='grc' dir='ltr'>περιεφθέντων</span> <span class='ocrx_word' id='word_1_236' title='bbox 386 3055 442 3115; x_wconf 83' lang='grc' dir='ltr'>ιίπδ</span> <span class='ocrx_word' id='word_1_237' title='bbox 456 3060 510 3115; x_wconf 76' lang='grc' dir='ltr'>τῶν</span> <span class='ocrx_word' id='word_1_238' title='bbox 523 3055 684 3132; x_wconf 87' lang='grc' dir='ltr'>Ἀθηναίων,</span> <span class='ocrx_word' id='word_1_239' title='bbox 697 3056 773 3118; x_wconf 78' lang='grc' dir='ltr'>αἰντις</span> <span class='ocrx_word' id='word_1_240' title='bbox 786 3055 825 3134; x_wconf 86' lang='grc' dir='ltr'>[οἰ</span> <span class='ocrx_word' id='word_1_241' title='bbox 833 3051 969 3132; x_wconf 69' lang='grc' dir='ltr'>Θηβαῖοι]</span> 
     </span>
     <span class='ocr_line' id='line_1_35' title="bbox 167 3141 971 3222; baseline -0.004 -21"><span class='ocrx_word' id='word_1_242' title='bbox 167 3143 335 3222; x_wconf 75' lang='grc' dir='ltr'>πέμψαντες,</span> <span class='ocrx_word' id='word_1_243' title='bbox 350 3145 415 3208; x_wconf 80' lang='grc' dir='ltr'>τοιίς</span> <span class='ocrx_word' id='word_1_244' title='bbox 433 3147 485 3221; x_wconf 90' lang='grc' dir='ltr'>μέν</span> <span class='ocrx_word' id='word_1_245' title='bbox 503 3145 635 3206; x_wconf 82' lang='grc' dir='ltr'>Αἰακίδας</span> <span class='ocrx_word' id='word_1_246' title='bbox 656 3150 712 3218; x_wconf 92' lang='grc' dir='ltr'>σφι</span> <span class='ocrx_word' id='word_1_247' title='bbox 733 3141 903 3200; x_wconf 79' lang='grc' dir='ltr'>ἀπεδίδοσαν</span> <span class='ocrx_word' id='word_1_248' title='bbox 916 3144 971 3198; x_wconf 78' lang='grc' dir='ltr'>τῶν</span> 
     </span>
     <span class='ocr_line' id='line_1_36' title="bbox 167 3229 970 3313; baseline -0.009 -23"><span class='ocrx_word' id='word_1_249' title='bbox 167 3231 197 3290; x_wconf 89' lang='grc' dir='ltr'>δέ</span> <span class='ocrx_word' id='word_1_250' title='bbox 211 3233 318 3310; x_wconf 77' lang='grc' dir='ltr'>ἀνδρῶν</span> <span class='ocrx_word' id='word_1_251' title='bbox 332 3233 450 3292; x_wconf 88' lang='grc' dir='ltr'>ἐδέοντο·</span> <span class='ocrx_word' id='word_1_252' title='bbox 472 3237 618 3313; x_wconf 88' lang='grc' dir='ltr'>Αἰγινῆται</span> <span class='ocrx_word' id='word_1_253' title='bbox 639 3231 677 3299; x_wconf 88' lang='grc' dir='ltr'>δέ,</span> <span class='ocrx_word' id='word_1_254' title='bbox 692 3229 850 3304; x_wconf 77' lang='grc' dir='ltr'>εὐδαιμονίῃ</span> <span class='ocrx_word' id='word_1_255' title='bbox 871 3251 901 3284; x_wconf 91' lang='grc' dir='ltr'>τε</span> <span class='ocrx_word' id='word_1_256' title='bbox 922 3249 970 3303; x_wconf 90' lang='grc' dir='ltr'>με-</span> 
     </span>
     <span class='ocr_line' id='line_1_37' title="bbox 167 3311 970 3400; baseline -0.007 -22"><span class='ocrx_word' id='word_1_257' title='bbox 167 3321 243 3400; x_wconf 77' lang='grc' dir='ltr'>γάλη</span> <span class='ocrx_word' id='word_1_258' title='bbox 265 3320 499 3397; x_wconf 87' lang='grc' dir='ltr'>ἐπαρθέντες,καί</span> <span class='ocrx_word' id='word_1_259' title='bbox 520 3320 620 3398; x_wconf 81' lang='grc' dir='ltr'>ἔχθρης</span> <span class='ocrx_word' id='word_1_260' title='bbox 640 3321 764 3390; x_wconf 83' lang='grc' dir='ltr'>παλαιῆς</span> <span class='ocrx_word' id='word_1_261' title='bbox 779 3311 970 3391; x_wconf 79' lang='grc' dir='ltr'>ἀναμνησθέν-</span> 
     </span>
    </p>
   </div>
   <div class='ocr_carea' id='block_1_2' title="bbox 0 0 1140 3536">
    <p class='ocr_par' dir='ltr' id='par_1_3' title="bbox 0 0 1140 3536">
     <span class='ocr_line' id='line_1_38' title="bbox 0 0 1140 3536; baseline 0 0"><span class='ocrx_word' id='word_1_262' title='bbox 0 0 1140 3536; x_wconf 95' lang='lat' dir='ltr'> </span> 
     </span>
    </p>
   </div>
  </div>
 </body>
</html>
