2278 3538
182 130 232 176 246
490 129 673 178 ἨΡΟΔΟΤΟΤ
891 128 980 193 [VIII.

138 249 143 256 -
184 207 230 264 καὶ
243 205 365 283 Κύπριοι
378 207 424 266 καὶ
437 208 553 272 Κίλικες
572 209 618 267 καὶ
631 207 798 287 Πόμφολοι,
811 212 866 269 τῶν
877 207 985 285 ὄφελός

136 295 173 354 69
185 298 246 354 ἐστι
273 293 376 355 οὐδέν.”
430 301 524 355 Ταῦτα
550 296 689 378 λεγούσης
717 296 789 375 πρός
815 297 984 374 Μαρδόνιον,

183 382 248 442 ὅσοι
274 386 324 461 μὲν
350 382 424 460 ἦσαν
458 383 546 444 εὔνοοι
575 390 611 463 τῇ
637 385 802 465 Ἀρτεμισίῃ
832 385 985 462 συμφορήν

184 477 324 533 ἐποιεῦντο
337 473 402 536 τούς
414 472 524 554 λόγους,
540 471 575 535 ῶς
593 473 678 532 κακόν
690 499 718 532 τι
733 475 901 550 πεισομένης
914 474 985 550 πρός

184 563 330 639 βασιλέος,
355 561 398 622 ὅτι
421 561 470 621 οόκ
493 565 525 640 ἐᾷ
547 563 704 640 ναυμαχίην
725 562 879 622 ποιέεσθαι·
907 565 934 621 οἶ
955 562 985 621 δὲ

185 649 348 733 ἀγαιόμενοί
358 676 389 710 τε
404 650 449 708 καὶ
463 650 628 724 φθονέοντες
644 649 722 729 αὐτῇ,
738 649 787 709 ἅτε
805 655 834 710 ἐν
847 650 985 728 πρώτοισι

183 741 364 816 τετιμημένης
384 738 430 798 διὰ
450 737 560 796 πάντων
579 740 634 796 τῶν
654 737 818 817 συμμάχων,
837 738 985 815 ἐτέρποντο

183 831 219 906 τῇ
238 828 322 903 κρίσι,
342 827 377 890 ῶς
393 825 584 902 ἀπολεομένης
600 826 691 902 αὐτῆς.
736 829 795 885 ἐπεὶ
814 827 843 885 δέ
859 826 985 906 ἀνηνείχ-

184 915 276 991 θησαν
302 919 331 974 αἶ
357 919 465 996 γνῶμαι
490 919 517 977 ἐς
539 914 654 991 Ξέρξεα,
678 913 766 990 κάρτα
792 941 822 974 τε
848 913 926 990 ἥσθη
948 920 985 994 τῇ

183 1002 279 1083 γνώμῃ
300 1007 350 1079 τῆς
370 1002 556 1080 Ἀρτεμισίης,
579 1002 625 1060 καὶ
648 1004 764 1079 νομίζων
788 1005 828 1061 ἔτι
848 1001 986 1080 πρότερον

184 1092 340 1169 σπουδαίην
354 1092 431 1162 εἶναι,
445 1091 509 1152 τότε
521 1094 621 1169 πολλῷ
638 1095 751 1167 μᾶλλον
765 1094 847 1150 αἴνεε·
868 1089 942 1167 ὅμως
955 1092 986 1151 δὲ

183 1184 260 1239 τοῖσι
289 1183 393 1241 πλέοσι
424 1179 572 1240 πείθεσθαι
599 1180 707 1238 ἐκέλευε
733 1178 806 1248 τόδε,
834 1179 986 1249 καταδόξας

183 1269 255 1347 πρός
266 1273 318 1347 μὲν
331 1269 441 1347 Εὐβοίῃ
455 1269 547 1344 σφέας
563 1267 752 1327 ἐθελοκακέειν
770 1267 805 1331 ῶς
821 1267 853 1327 οὖ
869 1268 984 1345 παρεόν·

183 1384 231 1421 τος
246 1359 340 1418 αὐτοῦ·
360 1358 423 1418 τότε
442 1359 471 1417 δὲ
491 1354 572 1418 αὐτός
590 1355 803 1434 παρεσκεύαστο
826 1355 985 1433 θεήσασθαι

183 1449 399 1527 ναυμαχέοντας.

137 1536 174 1594 70
224 1535 338 1610 Ἐπειδὴ
359 1535 388 1594 δὲ
408 1535 609 1616 παρήγγελλον
627 1532 791 1604 ἀναπλῶειν,
811 1531 915 1613 ἀνῆγον
936 1534 986 1597 τάς

184 1625 252 1697 ιήας
268 1624 313 1681 ἐπὶ
331 1623 384 1698 τήν
403 1624 559 1700 Σαλαμῖνα,
578 1624 623 1682 καὶ
643 1622 853 1699 παρεκρίθησαν
873 1621 986 1701 διαταχ·

184 1710 275 1772 θέντες
302 1709 361 1768 κατ’
381 1709 511 1788 ήσυχίην.
553 1711 617 1770 τότε
639 1712 691 1787 μέν
712 1736 759 1770 νυν
780 1709 830 1769 οὐκ
850 1709 986 1788 ἐξέχρησέ

184 1804 240 1871 σφι
257 1798 276 1874 ή
293 1797 383 1875 η’μέρη
401 1801 556 1878 ναυμαχίην
573 1800 759 1875 ποιήσασθαι·
784 1799 835 1868 rb}
851 1798 905 1879 γάρ
925 1803 985 1857 ἐπε·

183 1887 287 1968 γένετο·
323 1890 349 1946 οἶ
375 1888 405 1947 δὲ
431 1889 670 1965 παρεσκευάζοντο
698 1893 725 1950 ἐς
750 1886 802 1963 τήν
825 1887 985 1964 ὕστεραίην.

183 1975 247 2039 τούς
270 1976 300 2036 δέ
321 1975 466 2054 Ἕλληνας
493 1976 551 2056 εἶχε
577 1977 638 2039 δέος
658 2003 689 2036 τε
713 1976 759 2034 καὶ
781 1974 908 2052 ἀρρωδίη,
934 1974 985 2034 οόκ

184 2063 287 2139 ήκιστα
307 2066 337 2124 δὲ
356 2066 420 2130 τοῦς
440 2064 496 2126 ἀπό
518 2063 752 2140 Πελοποννήσου·
787 2062 924 2141 ἀρρώδεον
945 2063 982 2136 δὲ,

184 2151 227 2212 ότι
245 2153 323 2214 αὐτοὶ
340 2158 392 2232 μέν
410 2160 438 2214 ἐν
458 2156 598 2231 Σαλαμῖνι
617 2152 766 2230 κατήμενοι
786 2151 855 2227 ὑπὲρ
870 2155 922 2231 γῆς
934 2155 986 2226 τῆς

183 2240 336 2318 Ἀθηναίων
359 2244 524 2322 ναυμαχέειν
544 2243 687 2319 μέλλοιεν·
719 2239 873 2316 νικηθέντες
893 2263 933 2308 τε,
956 2243 985 2297 ἐν

183 2330 260 2410 νήσῳ
280 2331 514 2407 ἀπολαμφθέντες
534 2329 773 2406 πολιορκήσονται
798 2326 913 2390 ἀπέντες
933 2326 985 2402 τήν

185 2422 289 2478 ἑωυτῶν
302 2417 474 2492 ἀφύλακτον.

137 2508 171 2568 71
224 2510 285 2566 Τῶν
308 2506 338 2564 δὲ
364 2505 521 2582 βαρβάρων
544 2505 559 2564 ὁ
581 2505 662 2576 πεζός
684 2502 739 2564 ὑπό
754 2503 806 2579 τήν
822 2506 985 2580 παρεοῦσαν

182 2593 267 2654 νόκτα
286 2593 431 2670 ἐπορεύετο
450 2594 494 2652 ἐπὶ
512 2591 564 2669 τήν
582 2592 813 2669 Πελοπόννησον·
843 2593 932 2650 καίτοι
949 2590 985 2651 τὰ

183 2681 284 2740 δυνατὰ
301 2680 393 2741 πάντα
412 2680 613 2760 ἐμεμηχάνητο,
637 2679 705 2744 ὅκως
727 2679 785 2740 κατ’
806 2679 921 2756 ἤπειρον
942 2677 984 2755 μή

183 2767 336 2846 ἐσβάλοιεν
350 2773 376 2829 οἶ
389 2769 542 2848 βάρβαροι
586 2769 621 2832 ῶς
638 2769 693 2849 γάρ
713 2769 848 2828 ἐπύθοντο
861 2767 985 2846 τάχιστα

184 2857 409 2934 Πελοποννήσιοι
421 2859 484 2922 τοῦς
499 2857 573 2935 ἀμφὶ
586 2857 723 2916 Λεωνίδεα
737 2862 766 2916 ἐν
780 2855 985 2933 Θερμοπύλῃσι

182 2947 412 3022 τετελευτηκέναι,
428 2945 632 3022 συνδραμόντες
650 2949 680 3002 ἐκ
696 2948 751 3003 τῶν
769 2945 875 3003 πολίων
895 2949 922 3006 ἐς
935 2942 985 3002 τόν

181 3034 299 3110 Ἰσθμόν
313 3035 412 3104 ἵζοντο·
428 3035 476 3092 καί
487 3039 542 3107 σφι
556 3036 626 3106 ἐπῆν
639 3031 798 3112 στρατηγός
812 3030 983 3107 Κλεόμβρο·

182 3147 229 3183 τος
239 3121 255 3179 ό
264 3120 488 3196 Ἀναξανδρίδεω,
499 3119 640 3177 Λεωνίδεω
651 3119 680 3175 δέ
694 3118 840 3194 ἀδελφεός·
863 3118 984 3195 ἱζόμενοι

184 3209 213 3267 δέ
235 3213 263 3267 ἐν
283 3212 322 3286 τῶ
345 3206 451 3284 Ἰσθμῷ
474 3206 519 3264 καὶ
541 3205 738 3286 συγχώσαντες
758 3207 810 3282 τήν
832 3206 984 3282 Σκιρωνίδα

181 3293 256 3363 όδόν,
283 3294 355 3371 μετὰ
378 3298 470 3361 τοῦτο,
495 3291 530 3358 ῶς
554 3299 610 3367 σφι
637 3292 712 3362 ἔδοξε
738 3294 983 3370 βουλευομένοισι,
