2276 3538
162 141 208 190 ιιι
461 138 642 186 Ἥτοιιοτοτ
799 205 800 208 ¹
884 139 959 202 [vn.

162 218 259 286 λακάς,
274 219 319 277 καὶ
338 216 491 294 θεραπηίην
510 217 623 292 πολλήν
641 244 672 277 τε
688 218 735 279 καὶ
748 217 778 276 εὖ
792 223 961 296 ἐσκευασμέ-

162 333 220 382 νην·
242 310 307 364 σῖτα
330 307 360 364 δέ
381 312 444 381 σφι,
464 305 547 384 χωρὶς
568 307 622 365 τῶν
645 305 741 366 άλλων
762 308 961 383 στρατιωτέων,

162 395 287 470 κάμηλοί
296 423 326 453 τε
341 396 386 452 καὶ
400 394 536 474 ὑποζύγια
549 393 626 474 ἦγον.

114 485 152 544 84
201 483 323 542 Ἱππεύει
336 483 365 542 δὲ
378 489 466 543 ταῦτα
479 482 514 542 τά
529 483 616 542 ἔθνεα·
630 480 707 558 πλήν
721 482 858 545 οὔπάντα
867 486 961 562 παρεί-

160 599 226 652 χετο
248 574 340 642 ἵππον,
362 571 439 640 άλλά
461 571 565 630 τοσάδε
582 575 682 647 μοῦνα·
705 572 817 650 Πέρσαι
832 575 892 648 μὲν,
910 573 961 648 τήν

160 661 245 736 αὐτήν
267 667 411 738 ἐσκευασμ
442 687 468 720 οι
490 660 535 718 καὶ
558 659 573 718 ὁ
595 659 677 730 πεζάς
698 658 796 720 αὐτῶν·
817 661 894 736 πλήν
916 663 961 720 ἐπὶ

159 755 226 828 τῇσι
245 755 391 828 κεφαλῇσιΙ
411 750 486 828 εἶχον
504 749 676 826 μετεξέτεροι
690 748 778 807 αὐτῶν
793 750 838 807 καὶ
852 750 960 827 χάλκεα

113 841 151 897 85
160 839 205 897 καὶ
224 838 339 914 σιδήρεα
358 839 548 914 ἐξεληλαμένα
568 836 717 913 ποιήματα.
760 838 828 896 Εἰσὶ
847 838 877 894 δέ
889 863 961 900 τινες

159 925 275 1002 νομάδες
294 927 433 1003 ἄνθρωποι
452 925 605 1006 Σαγάρτιοι
625 925 797 1002 καλεόμενοι,
812 925 888 988 ἔθνος
907 929 959 1000 μὲν

160 1015 301 1092 Περσικὸν
316 1017 361 1073 καὶ
376 1019 463 1093 φωνῇ,
475 1014 578 1088 σκευήν
593 1014 622 1072 δέ
635 1013 739 1089 μεταξι)
754 1015 849 1092 ἔχουσι
863 1037 959 1072 πεποι-

158 1104 261 1180 ημένην
274 1108 324 1179 τῆς
337 1129 367 1162 τε
382 1108 524 1180 Περσικῆς
539 1104 585 1162 καὶ
598 1107 647 1178 τῆς
658 1106 828 1178 Πακτυϊκῆς·
851 1102 877 1160 οἳ
889 1129 958 1180 παρ-

159 1193 266 1270 είχοντο
286 1195 338 1268 μὲν
360 1194 445 1251 ἵππον
464 1191 684 1270 ὀκτακισχιλίην,
700 1190 776 1250 ὅπλα
791 1191 819 1248 δέ
833 1189 865 1250 οιί
884 1193 959 1268 νομί·

158 1281 237 1350 ζουσι
251 1280 401 1360 ἐχεινυῦτε
420 1281 528 1360 χάλκεα
549 1280 612 1340 οίπε
633 1279 758 1355 σιδήρεα,
773 1280 823 1347 ἔξω
845 1285 957 1360 ἐγχειρι-

157 1368 228 1429 δίων·
249 1372 384 1450 χρέωνται
395 1372 424 1428 δὲ
435 1374 548 1448 σειρῇσι
558 1369 771 1449 πεπλεγμένῃσι
786 1368 816 1436 ἐξ
830 1367 956 1442 ἱμάντων·

157 1458 275 1535 ταύτῃσι
296 1461 409 1518 πίσυνοι
430 1461 558 1537 ἔρχονται
578 1463 606 1519 ἐς
624 1455 759 1532 πόλεμον.
801 1454 862 1530 ῆδὲ
878 1456 957 1536 μάχη

156 1546 259 1604 τούτων
280 1553 334 1606 τῶν
356 1547 459 1622 άνδρῶν
480 1547 538 1620 ἥδε·
566 1545 649 1604 ἐπεάν
673 1544 857 1624 συμμίσγωσι
881 1549 957 1609 τοῖσι
1021 1591 1027 1600 .

156 1635 328 1709 πολεμίοισι,
341 1635 488 1710 βάλλουσι
508 1635 557 1696 τάς
578 1632 675 1709 σειράς
688 1631 729 1690 ἐπ’
744 1631 818 1710 άκρῳ
831 1632 956 1710 βρόχους

157 1721 285 1798 ἐχούσας·
306 1721 368 1780 ὅτευ
389 1721 411 1780 δ’
426 1721 460 1781 ἂν
476 1721 556 1800 τύχη,
569 1720 604 1797 ήν
616 1747 647 1780 τε
662 1721 747 1779 ἵππου
762 1719 796 1794 ἦν
809 1746 839 1779 τε
853 1719 955 1796 άνθρά-

155 1834 217 1878 που,
233 1809 274 1868 ἐπ’
289 1809 388 1870 ἐωυτδν
409 1811 493 1868 ἕλκει·
515 1813 541 1869 οἱ
560 1811 589 1868 δέ
608 1815 637 1868 ἐν
656 1809 748 1885 ἕρκεσι
770 1808 956 1884 ἐμπαλασσό-

154 1922 233 1972 μενοι
254 1898 470 1974 διαφθείρονται·
490 1899 595 1957 τούτων
613 1900 664 1973 μὲν
685 1895 754 1971 αὕτη
768 1895 786 1971 ή
799 1895 887 1974 μάχη·
910 1898 956 1956 καὶ

108 1987 145 2044 86
155 1986 341 2066 ἐπετετάχατο
361 1992 388 2050 ἐς
408 1987 473 2050 τούς
486 1989 608 2064 Πέρσας.
652 1985 747 2059 Μῆδοι
760 1985 790 2043 δὲ
803 1985 906 2062 τήνπερ
926 1991 955 2044 ἐν

154 2079 192 2154 τῷ
205 2077 277 2154 πεζῷ
294 2077 369 2156 εἶχον
388 2076 500 2152 σκευήν·
523 2077 568 2134 καὶ
583 2077 702 2134 Κίσσιοι
724 2072 863 2137 ὦσαιίτως.
905 2073 953 2134 Ἰν-

155 2164 197 2222 δοὶ
211 2165 240 2223 δέ
254 2170 340 2244 σκευῇ
353 2169 405 2242 μὲν
418 2164 577 2243 ἐσεσάχατο
591 2169 627 2242 τῇ
637 2163 707 2241 αὐτῆ
721 2163 767 2220 καὶ
781 2167 809 2220 ἐν
823 2167 861 2240 τῷ
873 2164 953 2240 πεζῷ,

154 2251 276 2327 ἤλαυνον
299 2255 327 2312 δὲ
350 2256 467 2330 κέλητας
486 2254 532 2312 καὶ
551 2252 670 2329 ἅρματα·
692 2249 746 2310 άπδ
764 2250 793 2308 δέ
813 2253 889 2310 τοῖσι
908 2249 953 2326 άρ-

153 2367 226 2416 μασι
244 2341 357 2417 ὑπῆσαν
379 2343 459 2401 ἵπποι
481 2343 526 2400 καὶ
544 2340 603 2400 ὄνοι
625 2339 726 2420 άγριοι.
770 2337 903 2413 Βάκτριοι
925 2339 954 2396 δέ

154 2430 321 2488 ἐσκευάδατο
343 2430 473 2490 ὡσαύτως
492 2431 537 2486 καὶ
557 2434 585 2486 ἐν
602 2432 640 2505 τῷ
657 2428 738 2504 πεζῷ,
758 2427 804 2484 καὶ
826 2426 953 2486 Κάσπιοι

153 2515 262 2591 ὁμοίως.
303 2517 408 2590 Λίβυες
429 2517 458 2574 δὲ
480 2517 525 2573 καὶ
546 2515 623 2574 αὐτοὶ
641 2513 763 2590 κατάπερ
778 2518 807 2572 ἐν
820 2517 858 2590 τῷ
871 2516 952 2591 πεζῷ·

152 2602 273 2678 ήλαυνον
290 2605 318 2661 δέ
337 2605 382 2662 καὶ
404 2601 480 2662 οὗτοι
501 2603 601 2664 πάντες
618 2603 737 2677 ἅρματα,
780 2599 816 2663 ὣς
830 2599 852 2658 δ’
867 2599 953 2664 οὕτως

154 2691 313 2768 Κάσπειροι
333 2692 379 2749 καὶ
393 2690 559 2768 Παρικάνιοι
577 2689 735 2767 ἐσεσάχατο
749 2688 850 2764 ὁμοίως
864 2687 909 2744 καὶ
924 2693 953 2746 ἐν

151 2782 189 2857 τῷ
207 2781 287 2858 πεζῷ.
328 2779 460 2856 Ἀράβιοι
474 2781 503 2838 δέ
517 2778 620 2854 σκευήν
633 2781 684 2854 μὲν
699 2777 774 2854 εἶχον
793 2774 844 2850 τήν
866 2773 952 2850 αὐτήν

151 2865 186 2942 ῆν
207 2868 253 2926 καὶ
275 2873 303 2928 ἐν
324 2871 362 2948 τῷ
383 2870 464 2948 πεζῷ·
486 2867 609 2943 ήλαυνον
630 2866 659 2924 δέ
681 2864 780 2927 πάντες
800 2863 950 2940 καμήλους,

105 2956 142 3014 87
151 2962 293 3035 ταχυτῆτα
315 2957 347 3016 οὔ
368 2959 533 3033 λειπομένας
558 2958 657 3015 ἵππων.
699 2958 793 3016 Ταῦτα
814 2951 851 3014 τά
873 2954 951 3014 ἐθνεα

151 3049 241 3118 μοῦνα
262 3046 384 3104 ἵππευεν·
405 3044 522 3121 α’ριθμός
536 3045 565 3102 δὲ
577 3049 627 3120 τῆς
642 3044 728 3102 ἵππου
750 3043 858 3124 ἐγένετο
880 3040 951 3102 ὄκτο)

150 3133 287 3208 μυριάδες,
300 3135 389 3211 πάρεξ
401 3138 456 3192 τῶν
470 3133 601 3209 καμήλων
616 3133 661 3190 καὶ
674 3136 729 3191 τῶν
743 3131 881 3208 άρμάτων.
924 3132 950 3186 οἱ

150 3220 202 3293 μέν
222 3247 270 3280 νυν
288 3221 372 3280 άλλοι
392 3222 486 3284 ἱππέες
505 3221 654 3299 ἐτετάχατο
673 3219 744 3279 κατά
761 3222 853 3287 τέλεα,
867 3213 948 3290 Ἀρά·

150 3305 211 3378 βιοι
232 3309 261 3366 δέ
283 3311 398 3387 ἔσχατοι
421 3309 615 3386 ἐπετετάχατο·
639 3308 687 3367 άτε
707 3307 763 3387 γάρ
784 3310 839 3365 τῶν
859 3303 949 3362 ἵππων
