2278 3538
163 173 270 235 ἰι-ιι]
482 169 635 217 omnm.
916 168 962 220 τοι

165 244 259 330 κρίτου
277 248 461 320 σπεύσαντος,
484 241 582 326 ἀνδρὸς
602 252 657 308 τῶν
672 247 765 310 (ἱστῶν
785 248 900 326 δοκίμου
919 248 966 308 καὶ

163 340 228 402 τότε
250 340 489 419 τριηραρχέοντος.
532 338 635 408 Νάξιοι
658 337 689 396 δέ
710 342 766 396 εἰσι
787 335 887 409 Ἴωνες,
916 335 964 394 ἀπ’

163 427 302 505 Ἀθηνέων
321 427 475 510 γεγονότες.
518 427 634 504 Στυρέες
654 426 683 486 δὲ
700 425 750 488 τὰς
766 425 850 488 αὐτὰς
870 424 963 502 παρεί-

164 543 248 597 χοντο
265 522 333 593 νῆας
348 516 398 579 τιὶς
411 517 457 574 καὶ
471 514 511 574 ἐπ’
525 513 704 594 Ἀρτεμισίῳ,
717 513 835 573 Κύθνιοι
853 515 882 572 δὲ
897 514 965 590 μίαν
1025 557 1029 566 ,

165 606 210 663 καὶ
220 604 445 680 πεντηκόντερον·
463 603 552 666 ἐόντες
563 601 771 678 συναμφότεροι
785 599 861 660 οὗτοι
876 601 965 678 Δρύο-

165 718 223 755 πες·
246 694 291 752 καὶ
306 693 436 769 Σερίφιοί
447 717 477 752 τε
492 693 537 751 καὶ
552 691 663 767 Σίφνιοι
679 691 724 748 καὶ
738 689 847 765 Μήλιοι
867 695 965 767 ἐστρα-

166 780 286 840 τεύοντο·
308 777 385 838 οὗτοι
398 780 452 860 γὰρ
467 779 516 838 οὐκ
531 779 631 838 ἔδοσαν
643 784 741 855 μοῦνοι
760 779 914 854 νησιωτέων
927 781 965 857 τῷ

166 867 304 947 βαρβάρῳ
318 873 371 949 γῆν
384 894 414 926 τε
429 869 474 925 καὶ
487 867 567 944 ὕδωρ.
598 864 685 926 Οὗτοι
695 869 746 943 μέν
757 867 875 932 ἅπαντες
889 867 965 930 ἐντός
973 867 1011 928 47

165 957 304 1032 οἰκημένοι
325 959 500 1031 Θεσπρωτῶν
523 955 569 1013 καὶ
588 954 752 1032 Ἀχέροντος
772 961 901 1034 ποταμοῦ
919 962 965 1016 ἐσ-

166 1043 337 1119 τρατεύοντο·
365 1044 528 1119 Θεσπρωτοὶ
548 1043 602 1123 γάρ
624 1047 678 1102 εἰσι
699 1043 878 1122 ὁμουρέοντες
897 1046 964 1121 Ἀμ-

166 1131 338 1210 πρακιιέτησι
355 1132 400 1188 καὶ
419 1131 598 1190 Λευκαδίοισι
613 1130 639 1189 οἳ
653 1131 683 1200 ἐξ
699 1133 840 1210 ἐσχατέων
855 1135 966 1211 χωρέων

166 1220 372 1296 ἐστρατεύοντο.
401 1223 456 1278 τῶν
469 1219 499 1278 δὲ
510 1218 587 1282 ἐκτός
601 1219 704 1278 τούτων
719 1221 876 1296 οἰκημένων,
891 1226 964 1296 Κρο-

140 1379 143 1386 Ι
166 1312 293 1382 τωνιῆται
309 1312 407 1384 μοῦνοι
423 1306 497 1382 ἦσαν
509 1306 543 1364 ὀἳ
561 1306 712 1382 ἐβώθησαν
728 1312 764 1386 τῇ
778 1307 896 1366 Ἑλλάδι
911 1333 965 1367 κινη

167 1393 323 1475 δυνευοόση,
339 1396 384 1470 νηὶ·
398 1399 458 1474 μιῇ,
476 1398 526 1470 τῆς
543 1393 614 1473 ἦρχε
632 1393 702 1470 ἀνήρ
719 1397 778 1472 τρὶς
798 1397 964 1472 πυθιονίκης,

167 1481 305 1546 Φόῦλλος.
341 1487 531 1560 Κροτωνιῆται
552 1483 581 1542 δὲ
601 1483 680 1563 γένος
704 1485 759 1542 εἰσὶ
781 1483 900 1562 Ἀχαιοί.
929 1487 965 1543 Οἱ
973 1485 1012 1543 48

167 1571 217 1647 μέν
237 1597 285 1631 νυν
304 1569 390 1630 ἄλλοι
405 1570 533 1648 τριήρεας
550 1571 736 1648 παρεχόμενοι
758 1571 964 1650 ἐστρατεύοντο,

168 1659 275 1734 Μήλιοι
285 1660 323 1729 δὲ,
335 1659 381 1718 καὶ
391 1660 512 1734 Σίφνιοι,
524 1660 569 1718 καὶ
580 1661 715 1735 Σερίφιοι,
724 1661 964 1738 πεντηκοντέρους·

168 1746 275 1822 Μήλιοι
301 1749 361 1824 μέν,
381 1747 461 1827 γένος
481 1746 571 1810 ἐόντες
591 1747 646 1806 ἀπό
675 1749 888 1826 Λακεδαίμονος,
917 1749 965 1808 δύο

170 1837 342 1913 παρείχοντο·
370 1836 482 1910 Σίφνιοι
500 1835 529 1894 δὲ
548 1835 593 1893 καὶ
611 1837 746 1912 Σερίφιοι,
763 1836 856 1900 Ἴωνες
876 1837 966 1900 ἐόντες

168 1923 213 1981 ἐπ’
227 1922 372 1999 Ἀθηνέων,
387 1924 453 1999 μίαν
470 1923 601 2000 ἑκάτεροι.
639 1923 755 2000 α’ριθμός
776 1925 805 1983 δὲ
826 1925 933 2005 ἐγένετο
949 1925 965 1985 ό

170 2015 222 2074 πᾶς
234 2015 289 2071 τῶν
302 2016 378 2081 νεῶν,
393 2011 482 2088 πάρεξ
496 2015 551 2070 τῶν
566 2013 794 2088 πεντηκοντέρων,
808 2012 966 2088 τριηκόσιαι

169 2101 213 2158 καὶ
224 2100 418 2176 ἑβδομήκοντα
431 2100 477 2158 καὶ
490 2098 570 2158 ὀκτῶ.

208 2186 256 2251 Ὡς
272 2189 301 2247 δὲ
318 2193 345 2252 ἐς
362 2188 413 2264 τήν
432 2189 579 2265 Σαλαμῖνα
602 2187 744 2262 συνῆλθον
765 2189 792 2245 οῖ
813 2187 966 2267 στρατηγοὶ
974 2189 1012 2246 49

168 2274 225 2336 ind
244 2280 298 2336 τῶν
315 2277 462 2352 εἰρημένων
479 2276 593 2345 πολίων,
607 2274 800 2350 ἐβουλεύοντο,
815 2275 966 2350 προθέντος

168 2363 347 2441 Εθρυβιόδεω
362 2364 475 2444 γνιόμην
492 2363 700 2439 ἀποφαίνεσθαι
716 2362 766 2422 τόν
781 2361 965 2439 βουλόμενον,

169 2451 235 2512 ὅκου
244 2451 334 2510 δοκέοι
345 2450 561 2526 ἐπιτηδειότατον
574 2451 643 2510 εἶναι
656 2449 811 2528 ναυμαχίην
821 2451 966 2510 ποιέεσθαι

170 2544 223 2600 τῶν
242 2538 321 2598 αὐτοὶ
347 2543 457 2618 χωρέων
478 2539 621 2619 ἐγκρατέες
642 2540 705 2598 εἰσί·
734 2538 752 2614 ἡ
774 2537 829 2620 γόρ
852 2537 966 2615 Ἀττική

169 2626 269 2702 α’φεῖτο
278 2625 340 2702 ήδη,
348 2631 402 2686 τῶν
413 2627 442 2685 δὲ
451 2628 572 2686 λοιπέων
581 2628 645 2704 πέρι
655 2627 806 2703 προετίθεε·
822 2629 850 2685 αἱ
859 2630 967 2706 γνῶμαι

169 2714 198 2774 δὲ
222 2719 278 2774 τῶν
298 2713 436 2795 λεγόντων
460 2717 645 2773 οἱπλεῖστοι
666 2714 873 2784 συνεξέπιπτον,
897 2714 968 2792 πρός

168 2801 217 2862 τόν
229 2801 346 2878 Ἰσθμόν
362 2801 530 2865 πλώσαντας
549 2803 713 2880 ναυμαχέειν
729 2803 784 2880 πρὸ
804 2806 855 2878 τῆς
875 2807 967 2861 Πελο-

170 2888 321 2965 ποννήσου·
356 2890 531 2971 ἐπιλέγοντες
555 2889 604 2949 τόν
631 2889 718 2970 λόγον
745 2889 831 2963 τόνδε,
864 2889 908 2959 οἷς,
933 2887 968 2965 ἢν

170 2977 316 3053 νικηθέωσι
341 2981 377 3056 τῇ
403 2978 542 3057 ναυμαχίη
570 2983 598 3037 ἐν
626 2979 764 3055 Σαλαμῖνι
790 2979 842 3054 μὲν
868 2975 966 3046 ἐόντες,

169 3064 406 3142 πολιορκήσονται
424 3070 453 3125 ἐν
473 3065 558 3144 νήσῳ,
576 3065 621 3124 ἵνα
641 3071 696 3140 σφι
716 3065 833 3140 τιμωρίη
854 3061 968 3138 οὐδεμία

170 3151 383 3228 ἐπιφανήσεται·
410 3151 482 3228 πρός
501 3152 531 3212 δὲ
549 3155 587 3231 τῷ
603 3151 717 3230 Ἰσθμῷ,
736 3156 764 3213 ἐς
780 3149 845 3212 τούς
863 3152 968 3210 ἑωυτῶν

170 3241 336 3310 ἐξοίσονται.

202 3330 298 3387 Ταῦτα
314 3329 371 3386 τῶν
388 3323 445 3386 dvo*
463 3324 685 3401 Πελοποννήσου
701 3328 865 3403 στρατηγῶν
879 3329 968 3384 ἐπιλε-
978 3329 1016 3385 50

180 3409 276 3459 ίῙ,-19
