2276 3538
177 127 224 174 108
483 125 664 173 ἨΡΟΔΟΤΟΤ
912 127 975 193 [VI.

175 227 259 279 μενον
275 202 404 278 τρέπεται
419 204 573 279 τριφασίας
591 203 678 266 όδοός·
703 205 748 263 καὶ
760 203 780 280 ἦ
794 207 847 282 μέν
860 205 976 283 ἄσφαλ-

176 317 224 353 τος
238 291 283 348 καὶ
302 293 328 348 οἱ
345 290 410 354 ἅλες
428 291 581 371 πήγνυνται
601 295 764 369 παραυτίκα,
780 292 813 352 τό
832 294 862 352 δέ
881 297 976 356 ἔλαιον

176 378 329 458 συνάγουσι
348 383 376 436 ἐν
394 378 523 459 α’γγείαις,
537 379 570 438 τό
585 383 611 438 οἱ
626 381 737 456 Πέρσαι
751 382 887 441 καλέουσι
901 384 975 458 ῥαδι-

175 465 269 542 νάκην·
285 467 345 525 έστι
356 466 385 524 δὲ
395 468 485 542 μέλαν
497 469 542 526 καὶ
553 466 642 544 ὀδμήν
652 467 843 546 παρεχόμενον
856 471 973 547 βαρέαν·

175 555 293 614 ἐνθαῦτα
305 554 369 617 τούς
382 554 537 630 Ἐρετριέας
547 556 688 614 κατοίκισε
697 555 837 632 βασιλεῦς
846 563 973 634 Δαρεῖος·

135 667 137 672 ’
175 643 201 701 οἳ
218 643 263 701 καὶ
278 643 361 720 μέχρι
379 643 443 717 ἐμέο
463 642 539 720 εἶχον
554 642 606 717 τήν
621 641 716 720 χιόρην
731 643 842 718 ταύτην,
861 646 973 719 φυλάσ-

173 756 271 792 σοντες
296 729 348 803 τήν
374 729 494 807 α’ρχαίην
518 734 664 810 γλῶσσαν.
707 730 743 790 τά
770 734 822 808 μέν
848 732 882 808 δή
909 737 973 810 περὶ

173 817 327 895 Ἐρετριέας
340 819 407 895 ἐσχε
421 816 499 875 οὕτω.

127 906 184 965 120
236 904 459 980 Λακεδαιμονίων
480 905 509 962 δὲ
528 901 598 980 ἦκον
619 911 647 968 ἐς
665 905 715 969 τάς
737 904 858 982 Ἀθήνας
881 907 971 988 δισχί-

171 996 229 1051 λιοι
249 991 320 1068 μετά
340 992 391 1067 τήν
411 993 596 1068 πανσέληνον,
620 994 729 1072 ἔχοντες
749 993 877 1068 σπουδήν
900 1002 970 1055 πολ-

171 1079 226 1155 λὴν
252 1082 425 1155 καταλαβεῖν
452 1080 522 1138 οὕτω
549 1079 621 1140 ὥστε
643 1085 762 1156 τριταῖοι
786 1086 816 1140 ἐκ
840 1082 970 1160 Σπάρτης

171 1169 297 1249 ἐγένοντο
316 1173 345 1228 ἐν
362 1195 397 1247 τῃ
411 1166 535 1246 Ἀττικῇ·
556 1167 669 1244 ὕστεροι
688 1169 717 1227 δὲ
738 1167 901 1245 ἀπικόμενοι
920 1177 970 1248 τῆς

171 1259 330 1333 συμβολῆς,
345 1258 483 1334 ἱμείροντο
499 1255 573 1333 ὅμως
586 1256 745 1332 θεήσασθαι
764 1255 829 1320 τούς
842 1257 968 1334 Μήδους·

171 1345 298 1408 ἐλθόντες
319 1345 348 1403 δὲ
367 1349 394 1407 ἐς
411 1344 461 1404 τόν
474 1343 635 1421 Μαραθῶνα
655 1343 817 1419 ἐθεήσαντο·
838 1345 909 1421 μετά
929 1347 967 1417 δὲ,

170 1433 304 1495 αἰνέοντες
320 1431 483 1507 Ἀθηναίους
497 1433 542 1490 καὶ
557 1431 590 1491 τό
610 1434 691 1512 ἔργον
709 1432 798 1491 αὐτῶν
817 1432 967 1494 ἀπαλλάσ-

170 1545 255 1579 σοντο
276 1517 376 1602 ὀπίσω.
932 1517 935 1523 ’

123 1608 179 1667 121
232 1611 319 1681 Θῶμα
333 1606 364 1664 δέ
372 1631 429 1682 μοι,
441 1604 486 1663 καὶ
501 1605 549 1664 οὐκ
564 1606 707 1682 ἐνδέκομαι
719 1605 768 1666 τόν
776 1607 872 1688 λόγον,
883 1608 967 1669 Ἀλκ-

168 1693 317 1771 μαιωνίδας
330 1691 364 1752 άν
379 1719 442 1752 κοτε
455 1691 583 1762 ἀναδέξαι
597 1695 730 1772 Πέρσῃσι
744 1699 773 1753 ἐκ
788 1696 967 1772 συνθήματος

169 1780 284 1851 ἀσπίδα,
293 1781 483 1856 βουλομένους
495 1780 550 1840 ὑπό
566 1782 747 1859 βαρβάροισί
757 1809 787 1842 τε
802 1783 870 1844 εἶναι
883 1783 966 1862 Ἀθη-

168 1870 259 1930 ναίους
284 1869 329 1926 καὶ
352 1867 407 1928 ὑπό
429 1868 533 1948 Ἱππίῃ·
559 1870 655 1932 οἵτινες
678 1875 799 1947 μᾶλλον,
823 1870 841 1947 ἢ
866 1871 966 1949 ὁμοίως

168 1958 283 2035 Καλλίῃ
297 1961 335 2035 τῷ
348 1957 513 2027 Φαινίππου,
526 1957 686 2017 Ἱππονίκου
701 1959 730 2016 δὲ
744 1961 836 2036 πατρὶ,
853 1961 964 2034 φαίνον-

167 2071 213 2105 ται
233 2045 430 2122 μισοτύραννοι
452 2045 550 2108 ἐόντες.
592 2046 722 2121 Καλλίης
739 2072 770 2106 τε
790 2046 845 2126 γάρ
864 2053 966 2123 μοῦνος

167 2132 319 2210 Ἀθηναίων
334 2133 462 2192 ἁπάντων
481 2134 595 2210 ἐτόλμα,
615 2131 683 2196 ὅκως
699 2136 906 2210 Πεισίστρατος
924 2141 965 2194 ε’κ-

166 2223 250 2282 πέσοι
268 2229 297 2282 ἐκ
317 2226 372 2282 τῶν
391 2220 536 2296 Ἀθηνέων,
550 2221 586 2280 τό
606 2220 738 2298 χρήματα
757 2221 841 2279 αὐτοῦ
863 2249 965 2298 κηρυσ-

168 2310 284 2386 σόμεναγ
297 2310 352 2369 ὗπό
373 2313 423 2368 τοῦ
441 2309 578 2384 δημοσίου
598 2308 739 2381 ὠνέεσθαι,
765 2310 811 2366 καὶ
832 2310 866 2368 τά
888 2308 965 2370 ἄλλα

122 2399 177 2456 122
187 2399 222 2456 τό
239 2400 355 2475 ἔχθιστα
372 2403 398 2458 ἐς
416 2395 500 2455 αὐτόν
516 2395 607 2454 πάντα
621 2401 789 2475 ἐμηχανᾶτο.
832 2400 965 2458 Καλλίεω

168 2487 196 2544 δὲ
212 2485 311 2543 τούτου
330 2484 406 2552 ἄξιον
423 2487 573 2562 πολλαχοῦ
588 2484 700 2561 μνήμην
717 2485 779 2544 ἐστὶ
795 2484 886 2544 πάντα
904 2485 965 2544 τινά

168 2574 248 2651 ἔχειν·
269 2577 351 2631 τοῦτο
375 2574 426 2646 μέν
450 2571 504 2651 γάρ
531 2572 566 2630 τά
591 2573 810 2654 προλελεγμένα,
836 2571 870 2635 ὦς
895 2572 964 2648 ἀνὴρ

166 2660 250 2737 ἄκρος
279 2661 428 2734 ἐλευθερῶν
459 2660 511 2734 τήν
540 2661 673 2736 πατρίδα·
703 2665 786 2720 τοῦτο
816 2661 845 2718 δέ
874 2659 909 2718 τό
937 2665 965 2720 ἐν

166 2748 309 2826 Ὀλυμπίῃ
331 2748 454 2821 ἐποίησε,
475 2748 548 2826 ἵππῳ
567 2749 682 2822 νικήσας
698 2747 839 2825 τεθρίππῳ
861 2747 889 2804 δὲ
907 2747 964 2806 δεό-

165 2863 244 2912 τερος
268 2835 422 2917 γενόμενος,
447 2835 540 2894 Πύθια
570 2836 598 2894 δὲ
625 2836 760 2912 πρότερον
790 2834 964 2910 ἀνελόμενος,

167 2924 327 3001 ἐφανερώθη
345 2929 371 2984 ἐς
387 2923 450 2986 τοῦς
462 2923 606 2996 Ἓλληνας
621 2921 726 2984 πάντας
744 2923 897 3001 μεγίστῃσι
920 2921 964 2978 δα-

166 3012 281 3090 πάνῃσι·
302 3017 384 3070 τοῦτο
399 3011 427 3068 δὲ
442 3011 511 3068 κατά
525 3010 574 3070 τάς
586 3013 684 3067 ἑωυτοῦ
696 3009 856 3087 θυγατέρας,
866 3006 965 3068 ἐούσας

166 3103 246 3176 τρεῖς,
270 3100 326 3161 οἶός
348 3124 389 3158 τις
411 3097 479 3171 ἀνὴρ
503 3097 619 3174 ἐγένετο·
645 3095 737 3170 ἐπειδή
759 3095 813 3175 γάρ
838 3095 964 3174 ἐγένοντο

167 3186 258 3267 γάμου
277 3187 380 3261 ὥραῖαι,
401 3184 483 3240 ἔδωκέ
502 3189 560 3256 σφι,
579 3182 680 3256 δωρεήν
698 3179 965 3261 μεγαλοπρεπεστά-

166 3299 224 3346 την,
250 3271 372 3348 ἐκείνῃσί
392 3295 423 3330 τε
447 3269 607 3348 ἐχαρίσατο·
636 3273 666 3326 ἐκ
692 3267 747 3346 γάρ
775 3267 883 3325 πάντων
910 3271 965 3324 τῶν
