2278 3538
185 137 277 199 ι-ιο]
510 135 662 186 omnm.
936 140 989 190 τοι

531 213 621 238 RQ*

184 217 326 294 Πέρσησι,
341 215 438 275 πολλοὶ
452 215 481 274 δὲ
495 241 541 274 και
555 241 637 297 αυτος
654 215 851 292 περιεβάλετο·
873 216 984 283 οὗτοςά

183 304 325 379 Σκυλλίης
340 309 368 362 ἓν
381 303 434 380 νόῳ
447 306 498 379 μὲν
513 303 570 386 εἶχε
584 303 638 380 ἀρα
652 304 698 361 καὶ
715 303 852 382 πρότερον
865 305 983 384 αύτομο-

181 393 281 468 λήσειν
303 397 330 455 ἐς
349 391 413 454 τούς
428 390 579 468 Ἕλληνας,
601 389 666 450 ἀλλ’
681 390 714 452 ού
733 391 787 473 γάρ
809 396 836 452 οἱ
855 396 983 474 παρέσχε

181 478 217 542 οἷς
242 479 315 539 τότε·
357 479 424 558 ότειρ
451 482 502 556 μὲν
529 479 563 555 δή
590 479 685 559 τρόπῳ
715 481 748 540 τό
776 481 900 540 ἐνθεῦτεν
929 481 982 560 ἤδη

180 566 294 626 ἀπίκετο
312 573 340 630 ἔς
357 567 421 629 τούς
434 566 585 642 Ἕλληνας,
601 568 650 626 οὐκ
667 569 721 646 έχω
742 568 817 627 εἶπαι
837 567 980 646 ἀτρεκέως·

180 655 296 731 θωμάζω
306 656 336 714 δὲ
350 659 373 714 εἶ
385 655 420 714 τά
434 655 573 735 λεγόμενά
586 661 647 714 ε’στι
661 657 777 732 ἀληθέα·
798 657 911 738 λέγεται
923 657 978 739 γάρ

180 742 215 804 ὦς
235 745 266 812 ἐξ
277 743 418 819 Ἀφετέων
435 743 481 805 δάς
502 749 529 806 ές
548 743 600 818 τήν
621 744 828 814 θάλασσαν,ού
844 745 980 823 πρότερον

178 828 281 910 ἀνέσχε
295 831 360 908 πρὶν
373 828 392 907 ἢ
406 830 520 890 ἀπίκετο
538 833 584 890 ε’πὶ
601 832 634 891 τό
646 830 833 909 Ἀρτεμίσιον,
849 835 979 898 σταδίους

177 917 305 994 μάλιστά
318 946 352 991 κη
366 919 480 983 τούτους
494 919 692 1001 ε’ςόγδιύκονπα
707 920 752 979 διαὶ
765 925 815 997 τῆς
829 920 979 998 θαλάσσης

177 1005 329 1076 διεξελθών.
373 1009 486 1088 λέγεται
519 1009 571 1084 μέν
597 1035 645 1067 νυν
677 1009 722 1066 καὶ
756 1007 833 1066 ἀλλα
864 1011 978 1086 ψευδέσι

177 1095 271 1154 εἴκελα
291 1097 354 1173 περὶ
374 1099 424 1155 τοῦ
445 1095 544 1173 ἀνδρὸς
566 1095 674 1155 τούτου·
709 1097 744 1154 τά
765 1098 794 1156 δὲ
815 1098 978 1175 μετεξέτερα

176 1180 293 1259 ἀληθέα·
314 1185 378 1260 περὶ
393 1185 489 1260 μέντοι
504 1183 604 1243 τούτου
616 1181 713 1264 γνιόμη
726 1209 776 1259 μοι
791 1183 975 1264 ἀποδεδέχθω,

175 1273 265 1351 πλοίῳ
290 1299 339 1350 μιν
359 1271 510 1332 ἀπικέσθαι
532 1273 576 1331 ἐπὶ
600 1271 633 1332 τό
659 1271 846 1349 Ἀρτεμίσιον·
889 1272 924 1336 ὦς
948 1273 978 1332 δὲ

175 1355 298 1430 ἀπίκετο,
316 1360 413 1420 αὐτίκα
431 1360 553 1438 ἐσήμηνε
572 1365 653 1419 τοῖσι
669 1363 855 1440 στρατηγοῖσι
875 1359 927 1436 τήν
946 1387 977 1420 τε

174 1448 308 1528 ναυηγίην
329 1448 365 1511 ὥς
385 1451 501 1528 γένοιτο,
523 1448 567 1506 καὶ
588 1447 638 1510 τάς
659 1448 903 1524 περιπεμφθείσας
921 1452 975 1508 τῶν

174 1538 241 1595 νεῶν
261 1538 325 1612 περὶ
339 1535 471 1612 Εὔβοιαν.
515 1540 603 1594 Τοῦτο
625 1536 654 1594 δὲ
675 1534 843 1598 ἀκούσαντες
864 1539 891 1594 οἱ
906 1535 1000 1596 'ER-9

174 1625 264 1698 ληνες,
285 1625 383 1706 λόγον,
396 1626 484 1700 σφίσι
505 1624 614 1683 αὐτοῖσι
631 1624 780 1701 ,ε’δίδοσαν·
808 1627 924 1684 πολλῶν
945 1625 973 1683 δὲ

172 1713 336 1790 λεχθέντων,
352 1713 434 1786 ἐνίκα,
448 1712 500 1788 τήν
512 1712 618 1789 ἡμέρην
640 1711 746 1794 ε’κείνην
764 1710 849 1771 αύτοῦ
866 1713 973 1788 μείναν-

172 1799 222 1862 τάς
247 1827 278 1860 τε
305 1801 351 1859 καὶ
378 1799 570 1870 αὐλισθέντας,
597 1801 745 1882 μετέπειτα
771 1800 855 1860 νύκτα
881 1799 973 1878 μέσην

172 1889 317 1965 παρέντας,
336 1887 513 1966 πορεύεσθαι,
536 1889 581 1947 καὶ
602 1887 727 1948 ἀπαντᾶν
746 1891 814 1966 τῇσι
834 1892 972 1965 περιπλω-

173 1973 277 2055 ούσησι
290 1980 357 2037 ’τῶν
378 1981 454 2037 νεῶν·
488 1976 559 2054 μετά
584 1977 614 2035 δὲ
634 1981 725 2050 τοῦτο,
749 1975 784 2038 ὦς
808 1974 895 2038 ούδείς
916 1982 972 2051 σφι

172 2064 306 2140 ε’πέπλωε,
331 2066 426 2141 δείλην
450 2065 533 2144 ὀψίην
557 2065 704 2145 γινομένην
724 2068 775 2138 τῆς
794 2063 898 2140 ἡμέρης
917 2070 969 2140 φυ-

171 2149 312 2223 λάξαντες,
341 2153 419 2212 αὐτοὶ
448 2153 626 2212 ἔπανέπλωον
647 2151 692 2210 ἐπὶ
712 2151 776 2232 τούς
795 2152 969 2228 βαρβάρους,

170 2236 326 2319 ἀπόπειραν
354 2241 442 2300 αύτῶν
468 2239 644 2316 ποιήσασθαι
666 2238 838 2316 βουλόμενοι
864 2243 914 2314 τῆς
939 2267 970 2299 τε

169 2327 262 2406 μάχης
283 2331 328 2388 καὶ
348 2334 398 2389 τοῦ
419 2328 585 2388 διεκπλόου·
616 2323 760 2405 Ὀρέοντες
780 2327 810 2386 δέ
830 2334 922 2403 σφεας
942 2329 1016 2388 οἵ10

169 2440 200 2472 τε
226 2415 311 2478 ἄλλοι
338 2421 506 2494 στρατιῶται
526 2420 552 2475 οἱ
572 2416 680 2492 Ξέρξεω
701 2415 747 2473 καὶ
767 2418 794 2474 οἱ
814 2416 967 2496 στρατηγοὶ

170 2504 360 2582 ε’πιπλόοντας
391 2505 474 2582 νηυσὶ
503 2503 626 2585 όλίγησι,
656 2502 764 2583 πάγχυ·
781 2510 837 2579 σφι
867 2505 968 2580 μανίην

170 2593 362 2664 ἐπενείκαντες,
376 2592 479 2675 ἀνῆγον
498 2593 543 2651 καὶ
560 2591 641 2651 ἀὐτοὶ
653 2590 705 2655 τάς
721 2591 783 2672 νέας
802 2593 968 2655 ἐλπίσαντές

165 2673 261 2755 σφεας
277 2681 407 2745 εὐπετέως
425 2680 561 2757 αἱρήσειν·
582 2677 675 2738 οἰκότα
696 2678 783 2755 κάρτα
802 2680 968 2743 ἐλπίσαντες

166 2765 217 2829 τάς
228 2769 281 2844 μέν
293 2796 327 2850 γε
344 2773 399 2830 τῶν
411 2767 556 2844 Ἑλλήνων
577 2766 700 2844 ὁρέοντες
718 2766 816 2848 όλίγας
832 2769 901 2836 νέας,
915 2768 966 2832 τάς

167 2852 197 2912 δὲ
224 2859 328 2915 ἑωυτῶν
353 2856 458 2932 πλήθεϊι
481 2881 512 2915 τε
535 2855 757 2918 πολλαπλασίας
783 2855 829 2912 καὶ
852 2854 965 2930 ἄμεινον

166 2942 326 3006 πλωούσας·
368 2941 630 3020 καταφρονήσαντες
665 2947 759 3012 ταῦτα,
799 2945 964 3000 ἐκυκλοῦντο

166 3027 265 3094 αύτούς
289 3036 316 3094 ἐς
336 3032 435 3109 μέσον·
464 3029 528 3090 ὅσοι
548 3031 600 3107 μέν
623 3056 671 3090 νυν
687 3033 743 3088 τῶν
765 3029 863 3087 Ἰώνων
889 3027 964 3103 ἦσαν

165 3115 255 3176 εὔνοοι
287 3122 363 3177 τοῖσι
391 3117 526 3192 Ἕλλησι,
554 3117 680 3180 ἀέκοντές
707 3141 738 3175 τε
765 3115 963 3192 ἐστρατεύοντο

165 3204 317 3282 συμφορήν
342 3231 373 3265 τε
400 3207 541 3264 ἐποιεῦντο
567 3205 702 3285 μεγάλην,
730 3203 854 3280 ὁρέοντες
873 3227 963 3279 περιε-

164 3291 299 3370 χομένους
319 3291 418 3355 αύτούς
438 3293 484 3351 καὶ
504 3291 684 3368 ἐπιστάμενοι
708 3291 743 3354 ὦς
766 3290 854 3354 οὐδεὶς
873 3288 963 3351 αάτιδν
