2278 3538
127 158 268 224 ιιι-ιιι]
437 161 621 211 nomam.
879 161 926 208 ιιι

126 240 283 317 πυθόμενος
308 241 403 316 ταῦτα
429 239 555 318 ἠθέλησε
579 241 824 319 Λακεδαιμονίοισι
850 239 929 322 ἐξαγ-

125 333 230 410 γεῖλαι.
258 327 352 391 ἄλλως
365 331 416 406 μὲν
429 328 463 405 δὴ
477 328 527 389 οὐκ
541 329 599 409 εἶχε
610 333 744 435 σημῇναι·
759 329 930 389 ἐπικίνδυνον

125 443 182 498 γαρ
195 415 230 493 ἦν
242 443 283 494 μη
275 415 450 493 λαμφθείη·
465 444 481 477 ο
473 417 525 477 δε
534 443 694 496 μηχαναται
702 416 805 476 τοιαδε
820 416 930 476 δελτίον

127 505 262 584 δίπτυχον
289 504 448 580 λαβων
415 530 465 565 τον
493 505 606 590 κηρόν
604 504 689 584 αὐτοῦ
696 505 855 580 ἐξέκνησε,
883 503 929 562 καὶ

127 594 222 652 ἔπειτα
239 597 268 652 ἐν
281 619 320 670 τῳ
306 591 407 672 ξύλῳ
420 619 470 652 του
457 593 597 653 δελτίου
610 593 715 674 ἔγραψε
727 617 779 668 την
791 592 930 668 βασιλέος

126 679 250 793 γνώμην·
271 678 393 754 ποιήσας
405 680 436 739 δέ
448 684 536 740 ταῦτα
549 679 641 741 ὀπίσω
658 678 815 790 ἐπέτηξε
784 705 833 739 τον
846 679 930 756 κηρὸν

128 768 174 828 ἐπὶ
189 768 226 828 τὰ
240 766 403 850 γράμματα,
422 767 467 828 ἶνα
484 767 658 852 φερᾷμενον
661 767 750 828 κεινδν
767 793 800 828 το
791 766 930 827 δελτίον

127 857 214 934 μηδὲν
227 859 344 937 πρῆγμα
353 856 473 935 παρέχοι
483 858 510 916 οἱ
519 855 590 933 πρδς
600 860 655 917 τῶν
664 855 883 932 ὁδοφυλάκων·’
870 857 930 915 επεὶ

128 945 216 1004 δέ
172 971 217 1004 και
230 945 346 1004 ἀπίκετο
365 948 393 1007 ἐς
405 969 457 1020 την
473 943 722 1022 Λακεδαίμονα,
690 971 741 1004 ουκ
762 943 839 1023 εἶχον
859 969 928 1021 συμ-

127 1032 319 1110 βαλέσθαι
294 1058 320 1092 οι
337 1031 559 1107 Λακεδαιμόνιοι,
574 1033 639 1108 πρίν
651 1057 684 1112 γε
698 1031 732 1108 δή
746 1031 846 1107 σφι,
825 1057 861 1095 ως
875 1031 928 1113 ἐγώ

128 1119 312 1197 πυνθάνομαι,
331 1119 507 1196 Κλεομένεος
521 1121 573 1196 μὲν
594 1119 717 1200 θυγάτηρ
738 1119 878 1178 Λεωνιδεω
899 1120 930 1178 δέ
950 1193 953 1202 Ι

101 1247 104 1252 -
128 1207 208 1288 γυνη,
219 1206 325 1288 Γοργώ,
338 1206 465 1276 ύπέθετο,
476 1207 687 1283 ἐπιφρασθεῖσα
701 1205 779 1281 αὐτῆ,
789 1205 838 1266 τδν
847 1203 931 1282 κηρὸν

130 1300 198 1356 κνᾶν
220 1294 383 1364 κελεύουσα,
405 1293 452 1352 καὶ
472 1292 601 1370 εύρήσειν
621 1294 713 1369 σφέας
731 1292 885 1374 γράμματα
901 1299 930 1353 ἐν

129 1389 168 1462 τῷ
181 1382 265 1462 ξύλῳ·
279 1381 440 1456 πειθόμενοι
453 1380 483 1440 δὲ
496 1379 576 1458 εὗρον
589 1381 635 1441 καὶ
646 1381 821 1452 ἐπελέξαντο,
836 1382 930 1440 ἔπειτα

130 1472 160 1530 δέ
181 1473 258 1530 τοῖσι
278 1468 397 1528 ἄλλοισι
407 1466 537 1544 Ἕλλησι
556 1468 731 1530 ἐπέστειλαν.
771 1470 931 1545 ταῦταμὲν

131 1553 165 1634 δή
175 1555 246 1618 οὕτω
258 1557 371 1639 λέγεται
382 1555 524 1638 γενέσθαι.
