2268 3536
164 185 196 231 ιτ
475 183 655 232 ἨΡοΔοτοτ
922 183 965 246 [ν.

164 264 216 336 τῆς
228 259 359 340 γυναικός
373 260 428 319 οὐδ’
444 262 475 331 ἐξ
487 260 577 336 άλλης
588 262 684 324 παῖδες
699 263 829 342 ἐγίνοντο.
859 260 966 338 ἐστάλη

163 347 200 407 ὧν
219 353 246 410 ές
262 348 399 423 Δελφούς·
410 350 474 426 περὶ
495 349 588 430 γόνου·
611 348 723 408 ἐσιόντα
742 348 771 407 δὲ
785 346 868 408 αὐτόν
890 349 966 412 ἰθέως

157 435 182 512 ἡ
196 437 290 511 Πυθίη
303 437 506 518 προσαγορεύει
520 437 626 496 τοισίδε
638 441 715 496 τοῖσι
729 438 820 495 ἔπεσι·

210 550 318 610 Ἠετίων,
334 553 396 600 οὔτις
408 570 436 600 σε
448 554 492 599 τίει
505 554 633 600 πολύτιτον
645 552 722 610 έδντα,

209 624 297 685 Λάβδα
307 625 363 682 κύει,
377 626 439 682 τέξει
451 622 472 671 δ’
483 625 643 685 ὀλοοίτροχον·
657 625 680 671 ἐν
693 625 718 672 δὲ
730 624 840 671 πεσεῖται

211 696 309 758 ἀνδράσι
319 696 482 757 μουνάρχοισι,
498 697 617 744 δικαιώσει
629 697 655 743 δὲ
667 695 790 756 Κόρινθον.

160 801 248 857 ταῦτα
262 797 423 876 χρησθέντα
436 802 475 875 τῷ
488 797 614 857 Ἠετίωνι
628 794 831 877 ἐξαγγέλλεταί
843 821 895 859 κως
906 799 962 854 τοῖ-

160 911 192 944 σι
217 885 401 962 Βακχιάδῃσι,
423 888 499 943 τοῖσι
523 884 555 944 τδ
580 887 631 961 μὲν
653 884 789 960 πρότερον
812 882 960 963 γενόμενοι·

159 971 333 1051 χρηστήριον
356 977 382 1036 ές
407 972 546 1048 Κόρινθον
564 973 599 1048 ἦν
624 972 742 1048 άσημον,
767 973 854 1048 φέρον
877 997 908 1030 τε
935 977 963 1034 ές

162 1059 248 1118 τωυτὸ
263 1061 308 1118 καὶ
320 1061 353 1120 τά
367 1065 417 1120 τοῦ
430 1060 578 1124 Ἠετίωνος
592 1061 638 1119 καὶ
652 1061 736 1140 λέγον
750 1057 810 1118 ὦδε·

209 1179 293 1226 Αἰετδς
305 1181 328 1226 ἐν
340 1180 442 1241 πέτρῃσι
452 1182 509 1226 κύει
523 1181 586 1238 τέξει
598 1181 624 1226 δὲ
635 1179 722 1226 λέοντα

208 1252 328 1311 καρτερὸν,
344 1253 465 1310 ὠμηστήν·
480 1253 578 1298 πολλῶν
589 1250 611 1298 δ’
621 1251 666 1297 ὑπὸ
678 1253 785 1310 γούνατα
796 1251 873 1296 λύσει·

207 1323 286 1369 ταῦτά
297 1340 336 1370 νυν
349 1325 375 1369 εὖ
387 1324 515 1384 φράζεσθε,
532 1323 661 1384 Κορίνθιοι,
677 1323 698 1368 οἱ
710 1322 764 1380 περὶ
776 1321 852 1378 καλὴν

207 1394 323 1454 Πειρήνην
335 1396 422 1442 οἰκεῖτε
434 1396 474 1441 καὶ
486 1395 617 1455 ὀφρυόεντα
629 1393 751 1454 Κόρινθον.

157 1494 240 1548 τοῦτο
256 1492 306 1564 μὲν
320 1489 354 1563 δή
368 1493 445 1548 τοῖσι
459 1490 636 1568 Βακχιάδῃσι
657 1489 792 1566 πρότερον
809 1487 959 1568 γενόμενον

159 1574 194 1651 ἦν
216 1576 395 1652 ἀτέκμαρτον·
417 1576 480 1635 τότε
503 1577 540 1644 δὲ,
560 1577 592 1636 τό
610 1577 737 1636 Ἠετίωνι
753 1575 901 1658 γενόμενον
924 1574 959 1637 ὥς

158 1664 300 1732 ε’πύθοντο,
316 1662 413 1722 αύτίκα
428 1665 473 1722 καὶ
487 1665 518 1723 τό
533 1665 668 1742 πρότερον
683 1670 806 1740 συνῆκαν
829 1662 873 1722 ε’ὁν
892 1689 957 1722 συν-

156 1751 227 1831 ῳδδν
244 1757 283 1830 τῷ
301 1751 456 1815 Ἠετίωνος·
479 1755 605 1815 συνέντες
622 1754 650 1811 δὲ
665 1753 710 1810 καὶ
723 1757 814 1822 τοῦτο,
830 1751 905 1830 εἶχον
927 1756 957 1810 ἐν

156 1839 269 1918 η’συχίῃ,
286 1841 427 1904 ἐθέλοντες
448 1840 497 1900 τδν
517 1842 662 1917 μέλλοντα
682 1839 808 1898 Ἠετίωνι
825 1839 957 1920 γενέσθαι

155 1927 239 2008 γόνον
261 1928 426 2006 διαφθεῖραι.
471 1929 506 1992 οἷς
534 1928 556 1987 δ’
579 1930 652 1988 ἔτεκε
680 1927 698 2003 ἦ
726 1927 795 2008 γυνη
823 1926 955 2005 τάχιστα,

158 2015 301 2092 πέμπουσι
323 2019 419 2092 σφέων
441 2017 531 2077 αὐτῶν
553 2017 618 2077 δέκα
641 2021 668 2079 ἐς
689 2015 738 2075 τδν
760 2015 848 2092 δῆμον
869 2019 898 2074 ἐν
918 2022 958 2093 τῷ

156 2105 302 2179 κατοίκητο
318 2104 444 2174 Ἠετίων,
463 2104 678 2167 ἀποκτενέοντας
698 2103 731 2163 τό
753 2104 872 2162 παιδίον·
893 2101 956 2161 άπι-

155 2190 266 2267 κόμενοι
280 2193 310 2251 δὲ
324 2189 401 2251 οὗτοι
418 2198 445 2256 ές
460 2192 512 2266 τὴν
527 2193 647 2267 Πέτρην,
663 2192 709 2250 καὶ
722 2191 908 2267 παρελθόντες
929 2195 957 2253 ές

154 2279 206 2355 την
227 2280 316 2356 αὐλήν
337 2285 387 2339 τοῦ
408 2280 565 2349 Ἠετίωνος,
586 2281 677 2340 αἴτεον
699 2279 731 2339 τό
750 2279 870 2339 παιδίον·
891 2279 956 2354 ἠδὲ

155 2367 266 2443 Λάβδα,
282 2367 368 2426 εἰδυῖά
381 2395 412 2430 τε
426 2368 503 2427 οὐδὲν
516 2371 571 2426 τῶν
586 2368 675 2426 εἵνεκα
690 2372 787 2427 ἐκεῖνοι
808 2366 955 2426 άπικοίατο

155 2455 200 2513 καὶ
214 2455 350 2513 δοκέουσά
365 2463 456 2530 σφεας
471 2457 687 2533 φιλοφροσύνης
707 2460 757 2514 τοῦ
778 2455 884 2530 πατρός
903 2455 954 2514 εἶν-

155 2567 204 2600 εκα
217 2544 324 2612 αἰτέειν,
340 2543 478 2618 φέρουσα·
488 2545 637 2621 ἐνεχείρισε
659 2544 748 2602 αὐτῶν
768 2543 814 2602 ἑνί·
836 2546 912 2600 τοῖσι
925 2541 955 2600 δὲ

153 2627 208 2707 ἄρα
228 2629 417 2705 ἐβεβούλευτο
438 2631 495 2690 κατ’
510 2631 582 2703 ὁδὸν,
597 2632 647 2692 τὸν
668 2635 778 2707 πρῶτον
796 2629 884 2689 αὐτῶν
904 2633 954 2688 λα·

153 2717 245 2793 βάντα
266 2717 300 2776 r&
321 2718 431 2778 παιδίον
453 2720 650 2795 προσουδίσαι·
680 2720 740 2777 ε’πεί
761 2745 791 2778 τε
816 2717 852 2778 ὧν
874 2718 955 2777 έδωκε

154 2805 282 2882 φέρουσα
303 2805 321 2881 ἡ
341 2806 452 2883 λάβδα,
474 2807 524 2866 τόν
545 2808 675 2884 λαβόντα
695 2811 749 2866 τῶν
770 2806 875 2884 ἀνδρῶν
895 2806 955 2884 θείῃ

154 2893 225 2974 τύχῃ
245 2895 443 2974 προσεγέλασε
463 2895 495 2954 τά
514 2896 632 2954 παιδίον·
656 2898 701 2954 καὶ
717 2895 776 2964 τὸν,
791 2895 955 2970 φρασθέντα

154 2987 247 3051 τοῦτο,
261 2983 351 3045 οἶκτός
371 3009 412 3046 τις
433 2985 509 3061 ἴσχει
526 2983 694 3042 ἀποκτεῖναι·
718 2984 906 3059 κατοικτείρας
926 2981 955 3039 δὲ

154 3071 302 3146 παραδιδοῖ
320 3075 358 3149 τῷ
378 3071 501 3149 δευτέρῳ·
524 3071 540 3130 ό
563 3071 600 3139 δὲ,
614 3076 652 3150 τῷ
664 3072 755 3149 τρίτῳ·
779 3070 850 3130 οὕτω
865 3069 898 3144 δή
917 3069 954 3127 δι-

155 3157 254 3232 εξῆλθε
269 3158 313 3217 διὰ
327 3156 436 3216 πάντων
449 3163 504 3218 τῶν
518 3159 584 3217 δέκα
596 3158 825 3236 παραδιδόμενον,
845 3155 957 3218 ούδενδς

154 3247 331 3323 βουλομένου
345 3245 558 3326 διεργάσασθαι·
579 3245 730 3310 α’ποδόντες
751 3247 786 3306 ὦν
807 3247 898 3306 ὀπίσω
919 3248 956 3321 τῇ

154 3333 274 3411 τεκούσῃ
295 3333 328 3392 τὸ
352 3333 462 3394 παιδίον
487 3335 533 3393 καὶ
557 3334 716 3404 ἐξελθόντες
739 3335 799 3404 ἔξω,
823 3336 956 3396 ἑστεῶτες
