2276 3538
189 155 331 216 103406]
480 153 689 216 Υ1101111111.
943 154 986 200 161

188 233 351 314 ἠνάγκασας
374 232 467 313 λέγειν
490 237 545 292 τῶν
566 231 659 313 λόγων
682 232 747 294 τούς
770 231 987 308 άληθεστάτους,

188 321 287 400 ἔλεγον
307 321 343 380 τά
363 321 517 396 κατήκοντα
540 319 742 398 Σπαρτιήτῃσι·
770 322 859 380 καίτοι
880 320 915 383 ῶς
936 319 989 401 ε’γῶ

189 409 315 489 τυγχάνω
337 409 372 468 τά
391 413 439 468 νῦν
457 409 522 468 τάδε
541 410 681 490 ἐστοργῶς
700 411 817 472 ἐκείνους
838 409 919 472 αὐτός
936 408 994 485 μάε

186 502 275 556 λιστα
286 497 450 567 ἐξεπίστεαι,
461 498 490 556 οἵ
494 525 530 574 με
540 497 624 574 τιμήν
632 524 663 557 τε
672 499 718 556 καὶ
728 499 811 580 γέρεα
821 497 988 574 α’πελόμενοι

187 586 312 662 πατρώϊα
323 586 425 646 άπολίν
436 612 466 644 τε
478 587 523 644 καὶ
535 586 648 666 φυγάδα
661 587 840 663 πεποιήκασι,
851 585 943 662 πατήρ
959 585 988 644 δὲ

187 673 239 736 σός
252 674 456 751 ὑποδεξάμενος
465 676 532 750 βίον
540 677 627 752 τέμοι
635 677 681 734 καὶ
693 677 887 736 οἶκονδέδωκε·
902 673 989 734 ούκων

188 762 263 825 οἰκός
284 769 344 822 ἐστι
367 764 453 841 ἄνδρα
474 763 524 824 τόν
542 764 678 842 σώφρονα
697 765 803 842 εύνοίην
820 765 990 842 φαινομένην

187 851 359 921 διωθέεσθαι,
382 851 459 911 α’λλοὶ
478 854 606 934 στέργειν
624 853 758 930 μάλιστα
802 854 856 936 ἐγῶ
876 853 906 912 δὲ
926 851 989 912 οὔτε
1022 881 1024 884 ·

188 939 254 998 δέκα
275 939 394 1018 α’νδράσι
416 941 575 1020 ύπίσχομαι
600 941 642 1001 οἶά
683 969 713 1002 τε
741 944 810 1004 εἶναι
835 941 987 1020 μάχεσθαι,

187 1027 252 1087 οὔτε
266 1030 367 1088 δυοῖσι·
389 1030 456 1090 ἐκιύν
469 1056 500 1090 τε
514 1031 582 1090 εἶναι
597 1029 652 1090 οὐδ’
666 1029 699 1090 ἂν
712 1030 942 1110 μουνομαχέοιμι·
964 1033 988 1088 εἰ

188 1116 218 1173 δὲ
241 1117 377 1199 άναγκαίη
405 1121 447 1195 εἴη
474 1117 492 1194 ή
518 1119 606 1200 μέγας
627 1145 668 1182 τις
689 1119 704 1179 ό
727 1119 881 1195 ἐποτρύνων
905 1117 987 1198 α’γῶν,

186 1207 331 1283 μαχοίμην
345 1207 378 1266 ἂν
392 1207 502 1267 πάντων
519 1207 622 1283 ἥδιστα
636 1209 675 1266 ἑνὶ
688 1208 792 1267 τούτων
806 1213 860 1266 τῶν
874 1205 987 1282 ἀνδρῶν,

187 1293 216 1352 οἳ
230 1293 373 1370 Ἑλλήνων
390 1295 508 1360 ἔκαστός
524 1303 599 1372 φησι
617 1301 699 1374 τριῶν
715 1295 792 1366 ἄξιος
811 1296 888 1354 εἶναι·
912 1294 945 1357 ῶς
959 1294 989 1353 δὲ

187 1383 235 1440 καὶ
244 1384 465 1460 Λακεδαιμόνιοι,
476 1384 547 1444 κατά
560 1387 611 1461 μὲν
623 1385 669 1444 ένα
681 1384 850 1462 μαχεάμενοι
862 1382 988 1460 οὐδαμῶν

187 1475 244 1530 εἰσι
258 1472 381 1535 κακίονες
393 1471 506 1550 άνδρῶν,
521 1473 601 1536 άλέες
615 1473 644 1531 δὲ
657 1471 769 1549 ἄριστοι
783 1471 888 1548 ἀνδρῶν
902 1471 987 1530 άπάν-

185 1584 250 1618 των·
272 1559 412 1636 ἐλεύθεροι
430 1560 484 1640 γάρ
503 1561 592 1624 ε’όντες
605 1560 638 1620 ού
658 1561 749 1621 πάντα
768 1559 910 1638 ἐλεύθεροί
922 1565 986 1619 εἰσι·

186 1647 284 1707 ἔπεστι
297 1647 352 1729 γάρ
366 1656 422 1724 σφι
435 1649 573 1725 δεσπότης
587 1649 679 1726 νόμος,
693 1650 742 1710 τόν
761 1649 987 1726 ύποδειμαίνουσι

186 1740 287 1813 πολλῶ
303 1737 341 1794 ἔτι
356 1741 471 1812 μᾶλλον
487 1736 504 1813 ἢ
524 1741 550 1796 οἱ
565 1738 614 1797 σοὶ
634 1739 677 1796 σε’·
699 1743 812 1798 ποιεῦσι
829 1741 886 1819 γῶν
904 1737 940 1796 τά
953 1736 987 1797 ἂν

186 1827 288 1886 ἐκεῖνος
299 1824 400 1904 άνάγη·
415 1823 516 1906 ἀνάγει
524 1826 555 1885 δὲ
567 1826 654 1886 τώυτό
668 1829 729 1898 αἰεὶ,
745 1827 794 1886 ούκ
809 1831 859 1885 ἐῶν
874 1826 987 1907 φεύγειν

186 1911 266 1970 οὐδὲν
288 1914 396 1988 πλῆθος
415 1913 566 1990 ἀνθρώπων
588 1920 617 1974 ἐκ
639 1915 740 1994 μάχης,
762 1914 839 1974 άλλιὶ
855 1916 988 1992 μένοντας

186 2005 217 2058 ἐν
239 2005 274 2079 τῇ
297 2000 372 2070 τάξει
394 2003 564 2079 ἐπικρατέειν
585 2001 602 2078 ή
627 2003 818 2064 ἀπόλλυσθαι.
846 2003 895 2062 σοὶ
917 2003 946 2061 δὲ
964 2007 987 2062 εἰ

187 2089 324 2164 φαίνομαι
331 2095 419 2148 ταῦτα
429 2089 520 2170 λέγων
533 2091 692 2168 φλυηρέειν,
701 2090 795 2150 τᾶλλα
803 2095 888 2171 σιγᾶν
899 2091 987 2150 ἐθέλω

186 2175 219 2234 τά
233 2177 342 2247 λοιπόν,
357 2183 404 2238 νῦν
419 2178 448 2237 δὲ
462 2178 649 2259 ἀναγκασθεὶς
660 2179 750 2248 ἔλεξα·
767 2179 877 2260 γένοιτο
890 2179 986 2254 μέντοι

186 2262 258 2322 κατὰ
272 2264 336 2324 νόον
349 2293 399 2338 τοι,
415 2267 567 2341 βασιλεῦ.”

227 2350 262 2409 ‘0
275 2355 327 2428 μὲν
341 2354 374 2429 δή
387 2359 474 2414 ταῦτα
488 2354 636 2434 άμείψατο·
657 2356 762 2431 Ξέρξης
775 2355 804 2413 δὲ
818 2360 845 2418 ές
857 2356 967 2436 γέλωτά
978 2358 1033 2416 105

186 2465 218 2498 τε
237 2442 341 2518 ἔτρεψε,
360 2443 405 2500 καὶ
423 2442 472 2502 ούκ
489 2443 643 2520 ἐποιήσατο
659 2443 746 2524 ὀργήν
767 2443 904 2520 οὐδεμίαν,
922 2444 987 2503 ἀλλ’

185 2527 273 2604 η’πίως
287 2528 370 2590 αὐτὸν
381 2531 576 2609 ἀπεπέμψατο.
603 2533 690 2611 τούτῳ
701 2533 731 2591 δὲ
745 2537 771 2595 ἐς
785 2532 887 2612 λόγους
898 2533 987 2593 ἐλθῶν

186 2619 298 2694 Ξέρξης,
321 2620 367 2678 καὶ
390 2619 515 2699 ύπαρχον
536 2626 565 2680 ἐν
586 2626 624 2699 τῷ
646 2623 775 2700 Δορίσκῳ
797 2620 883 2701 τούτῳ
905 2648 986 2681 κατα-

185 2707 296 2783 στήσας
320 2708 484 2784 Μασκάμην
507 2709 557 2768 τδν
581 2709 778 2790 Μεγαδόστεω,
803 2710 852 2769 τόν
875 2710 905 2768 δὲ
931 2709 987 2769 ύπὸ

186 2798 307 2872 Δαρείου
325 2797 464 2856 σταθέντα
483 2798 671 2866 καταπαύσας,
687 2798 820 2874 ἐξήλαυνε
838 2799 887 2858 τδν
902 2825 985 2874 στρα-

185 2883 234 2942 τδν
248 2885 293 2943 διά
310 2891 360 2960 τῆς
377 2885 498 2962 Θρηίκης
515 2887 560 2943 ε’πὶ
576 2886 627 2960 τήν
645 2885 780 2944 Ἑλλάδα.
824 2887 967 2944 Κατέλιπε
977 2889 1033 2945 106

184 2971 215 3029 δὲ
237 2971 321 3049 ἄνδρα
341 2973 448 3032 τοιόνδε
474 2973 637 3050 Μασκάμην
661 2976 816 3054 γενόμενον,
838 2978 875 3051 τῷ
893 2974 985 3052 μούνῳ

184 3060 290 3135 Ξέρξης
301 3061 373 3136 δῶρα
385 3062 539 3136 πέμπεσκε,
552 3061 586 3124 ῶς
600 3061 774 3138 α’ριστεύοντι
784 3061 893 3120 πάντων
904 3059 987 3122 ὅσους

183 3149 343 3223 κατέστησε
362 3148 444 3210 αὐτός
460 3147 477 3224 ἢ
491 3155 609 3226 Δαρεῖος
625 3150 775 3228 ὑπάρχους·
796 3149 941 3224 πέμπεσκε
958 3147 987 3205 δέ

183 3235 238 3296 :ivd
251 3240 307 3294 πᾶν
322 3237 390 3298 ἔτος·
413 3236 448 3298 ῶς
462 3238 491 3295 δὲ
505 3240 551 3296 καὶ
563 3237 748 3315 Ἀρταξέρξης
762 3236 776 3294 ό
791 3236 898 3312 Ξέρξεω
910 3237 987 3294 τοῖσι

184 3324 399 3400 Μασκαμείοισι
417 3324 565 3404 ἐκγόνοισι.
600 3326 778 3385 κατέστασαν
793 3323 848 3402 γάρ
863 3324 902 3382 ἔτι
919 3321 987 3399 πμί-
