<?xml version="1.0" encoding="UTF-8"?>
<!DOCTYPE html PUBLIC "-//W3C//DTD XHTML 1.0 Transitional//EN"
    "http://www.w3.org/TR/xhtml1/DTD/xhtml1-transitional.dtd">
<html xmlns="http://www.w3.org/1999/xhtml" xml:lang="en" lang="en">
 <head>
  <title>
</title>
<meta http-equiv="Content-Type" content="text/html;charset=utf-8" />
  <meta name='ocr-system' content='tesseract 3.04.00' />
  <meta name='ocr-capabilities' content='ocr_page ocr_carea ocr_par ocr_line ocrx_word'/>
</head>
<body>
  <div class='ocr_page' id='page_1' title='image "./herodotusrecens02blakgoog_0091.png"; bbox 0 0 2268 3536; ppageno 0'>
   <div class='ocr_carea' id='block_1_1' title="bbox 164 169 1019 3321">
    <p class='ocr_par' dir='ltr' id='par_1_1' title="bbox 167 169 1019 2702">
     <span class='ocr_line' id='line_1_1' title="bbox 170 169 966 233; baseline 0 -15"><span class='ocrx_word' id='word_1_1' title='bbox 170 169 278 233; x_wconf 74' lang='grc' dir='ltr'>ιιι-οι]</span> <span class='ocrx_word' id='word_1_2' title='bbox 511 171 624 221; x_wconf 66' lang='lat' dir='ltr'>mo.</span> <span class='ocrx_word' id='word_1_3' title='bbox 936 171 966 218; x_wconf 83' lang='lat'>81</span> 
     </span>
     <span class='ocr_line' id='line_1_2' title="bbox 171 248 969 329; baseline -0.001 -21"><span class='ocrx_word' id='word_1_4' title='bbox 171 248 255 311; x_wconf 78' lang='grc' dir='ltr'>κύυτός</span> <span class='ocrx_word' id='word_1_5' title='bbox 269 251 314 307; x_wconf 86' lang='grc' dir='ltr'>καὶ</span> <span class='ocrx_word' id='word_1_6' title='bbox 327 253 403 308; x_wconf 81' lang='grc' dir='ltr'>τοῖσι</span> <span class='ocrx_word' id='word_1_7' title='bbox 416 250 597 327; x_wconf 80' lang='grc' dir='ltr'>βαρβάροισι</span> <span class='ocrx_word' id='word_1_8' title='bbox 610 252 686 309; x_wconf 82' lang='grc' dir='ltr'>τοῖσι</span> <span class='ocrx_word' id='word_1_9' title='bbox 705 253 733 309; x_wconf 82' lang='grc' dir='ltr'>ἔν</span> <span class='ocrx_word' id='word_1_10' title='bbox 748 253 784 329; x_wconf 74' lang='grc' dir='ltr'>τῇ</span> <span class='ocrx_word' id='word_1_11' title='bbox 798 248 893 328; x_wconf 76' lang='grc' dir='ltr'>ἸΑσίη·</span> <span class='ocrx_word' id='word_1_12' title='bbox 914 252 969 308; x_wconf 81' lang='grc' dir='ltr'>τῶν</span> 
     </span>
     <span class='ocr_line' id='line_1_3' title="bbox 169 336 968 417; baseline 0.003 -23"><span class='ocrx_word' id='word_1_13' title='bbox 169 337 224 417; x_wconf 79' lang='grc' dir='ltr'>γὰρ</span> <span class='ocrx_word' id='word_1_14' title='bbox 240 337 275 395; x_wconf 82' lang='grc' dir='ltr'>ὧν</span> <span class='ocrx_word' id='word_1_15' title='bbox 288 337 444 413; x_wconf 74' lang='grc' dir='ltr'>βαρβάρων</span> <span class='ocrx_word' id='word_1_16' title='bbox 459 342 485 396; x_wconf 79' lang='grc' dir='ltr'>οἱ</span> <span class='ocrx_word' id='word_1_17' title='bbox 498 342 615 400; x_wconf 84' lang='grc' dir='ltr'>πλεῦνες</span> <span class='ocrx_word' id='word_1_18' title='bbox 634 341 673 416; x_wconf 76' lang='grc' dir='ltr'>τῷ</span> <span class='ocrx_word' id='word_1_19' title='bbox 694 336 766 415; x_wconf 79' lang='grc' dir='ltr'>αύτῷ</span> <span class='ocrx_word' id='word_1_20' title='bbox 782 337 855 415; x_wconf 79' lang='grc' dir='ltr'>νόμῳ</span> <span class='ocrx_word' id='word_1_21' title='bbox 868 338 968 416; x_wconf 88' lang='grc' dir='ltr'>χρέων-</span> 
     </span>
     <span class='ocr_line' id='line_1_4' title="bbox 169 425 967 506; baseline 0 -22"><span class='ocrx_word' id='word_1_22' title='bbox 169 451 215 484; x_wconf 88' lang='grc' dir='ltr'>ται</span> <span class='ocrx_word' id='word_1_23' title='bbox 238 426 308 484; x_wconf 73' lang='grc' dir='ltr'>κατιί</span> <span class='ocrx_word' id='word_1_24' title='bbox 329 426 393 489; x_wconf 78' lang='grc' dir='ltr'>τούς</span> <span class='ocrx_word' id='word_1_25' title='bbox 413 425 548 488; x_wconf 78' lang='grc' dir='ltr'>θανάτους</span> <span class='ocrx_word' id='word_1_26' title='bbox 568 430 623 485; x_wconf 79' lang='grc' dir='ltr'>τῶν</span> <span class='ocrx_word' id='word_1_27' title='bbox 641 425 796 501; x_wconf 89' lang='grc' dir='ltr'>βασιλέων·</span> <span class='ocrx_word' id='word_1_28' title='bbox 814 426 896 484; x_wconf 77' lang='grc' dir='ltr'>ε’πεᾶν</span> <span class='ocrx_word' id='word_1_29' title='bbox 912 425 967 506; x_wconf 76' lang='grc' dir='ltr'>γὰρ</span> 
     </span>
     <span class='ocr_line' id='line_1_5' title="bbox 170 512 967 592; baseline 0.001 -21"><span class='ocrx_word' id='word_1_30' title='bbox 170 512 297 592; x_wconf 85' lang='grc' dir='ltr'>α’ποθοίνη</span> <span class='ocrx_word' id='word_1_31' title='bbox 311 513 451 590; x_wconf 80' lang='grc' dir='ltr'>βασιλεύς</span> <span class='ocrx_word' id='word_1_32' title='bbox 461 513 693 590; x_wconf 83' lang='grc' dir='ltr'>Λακεδαιμονίων,</span> <span class='ocrx_word' id='word_1_33' title='bbox 709 519 738 572; x_wconf 89' lang='grc' dir='ltr'>ε’,κ</span> <span class='ocrx_word' id='word_1_34' title='bbox 752 512 846 588; x_wconf 81' lang='grc' dir='ltr'>πόσης</span> <span class='ocrx_word' id='word_1_35' title='bbox 859 513 901 570; x_wconf 85' lang='grc' dir='ltr'>δεῖ</span> <span class='ocrx_word' id='word_1_36' title='bbox 912 521 967 572; x_wconf 86' lang='grc' dir='ltr'>Λα·</span> 
     </span>
     <span class='ocr_line' id='line_1_6' title="bbox 170 601 968 681; baseline 0 -21"><span class='ocrx_word' id='word_1_37' title='bbox 170 602 338 678; x_wconf 88' lang='grc' dir='ltr'>κεδαίμονος,</span> <span class='ocrx_word' id='word_1_38' title='bbox 352 604 436 681; x_wconf 88' lang='grc' dir='ltr'>χωρὶς</span> <span class='ocrx_word' id='word_1_39' title='bbox 450 603 652 680; x_wconf 77' lang='grc' dir='ltr'>Σπαρτιητέων,</span> <span class='ocrx_word' id='word_1_40' title='bbox 667 601 774 680; x_wconf 77' lang='grc' dir='ltr'>ἀριθμῷ</span> <span class='ocrx_word' id='word_1_41' title='bbox 792 605 846 661; x_wconf 77' lang='grc' dir='ltr'>τῶν</span> <span class='ocrx_word' id='word_1_42' title='bbox 866 602 968 678; x_wconf 89' lang='grc' dir='ltr'>περιοί-</span> 
     </span>
     <span class='ocr_line' id='line_1_7' title="bbox 170 688 969 772; baseline 0 -24"><span class='ocrx_word' id='word_1_43' title='bbox 170 717 223 749; x_wconf 90' lang='grc' dir='ltr'>κων</span> <span class='ocrx_word' id='word_1_44' title='bbox 237 689 429 772; x_wconf 73' lang='grc' dir='ltr'>οἶναγκαστούς</span> <span class='ocrx_word' id='word_1_45' title='bbox 443 696 470 754; x_wconf 80' lang='grc' dir='ltr'>ές</span> <span class='ocrx_word' id='word_1_46' title='bbox 482 691 515 750; x_wconf 79' lang='grc' dir='ltr'>τό</span> <span class='ocrx_word' id='word_1_47' title='bbox 530 691 612 766; x_wconf 80' lang='grc' dir='ltr'>κῆδος</span> <span class='ocrx_word' id='word_1_48' title='bbox 626 692 702 750; x_wconf 78' lang='grc' dir='ltr'>ἰέναι.</span> <span class='ocrx_word' id='word_1_49' title='bbox 743 689 847 750; x_wconf 89' lang='grc' dir='ltr'>τούτων</span> <span class='ocrx_word' id='word_1_50' title='bbox 869 688 905 748; x_wconf 79' lang='grc' dir='ltr'>ὧν</span> <span class='ocrx_word' id='word_1_51' title='bbox 924 691 969 748; x_wconf 84' lang='grc' dir='ltr'>καὶ</span> 
     </span>
     <span class='ocr_line' id='line_1_8' title="bbox 168 777 969 855; baseline -0.001 -19"><span class='ocrx_word' id='word_1_52' title='bbox 168 783 223 837; x_wconf 74' lang='grc' dir='ltr'>τῶν</span> <span class='ocrx_word' id='word_1_53' title='bbox 244 780 376 838; x_wconf 74' lang='grc' dir='ltr'>εἱλωτέων</span> <span class='ocrx_word' id='word_1_54' title='bbox 399 779 445 837; x_wconf 85' lang='grc' dir='ltr'>καὶ</span> <span class='ocrx_word' id='word_1_55' title='bbox 466 778 555 838; x_wconf 74' lang='grc' dir='ltr'>αὐτῶν</span> <span class='ocrx_word' id='word_1_56' title='bbox 577 779 771 855; x_wconf 75' lang='grc' dir='ltr'>Σπαρτιητέων</span> <span class='ocrx_word' id='word_1_57' title='bbox 795 777 878 836; x_wconf 79' lang='grc' dir='ltr'>ε’πεᾶν</span> <span class='ocrx_word' id='word_1_58' title='bbox 900 782 969 836; x_wconf 90' lang='grc' dir='ltr'>συλ-</span> 
     </span>
     <span class='ocr_line' id='line_1_9' title="bbox 169 866 969 946; baseline 0 -22"><span class='ocrx_word' id='word_1_59' title='bbox 169 868 308 944; x_wconf 88' lang='grc' dir='ltr'>λεχθέωσι</span> <span class='ocrx_word' id='word_1_60' title='bbox 330 873 357 930; x_wconf 83' lang='grc' dir='ltr'>ές</span> <span class='ocrx_word' id='word_1_61' title='bbox 374 867 461 926; x_wconf 80' lang='grc' dir='ltr'>τώυτό</span> <span class='ocrx_word' id='word_1_62' title='bbox 480 867 588 925; x_wconf 87' lang='grc' dir='ltr'>πολλοὶ</span> <span class='ocrx_word' id='word_1_63' title='bbox 605 866 737 945; x_wconf 78' lang='grc' dir='ltr'>χιλιάδες,</span> <span class='ocrx_word' id='word_1_64' title='bbox 755 866 884 946; x_wconf 82' lang='grc' dir='ltr'>σύμμιγα</span> <span class='ocrx_word' id='word_1_65' title='bbox 901 869 969 943; x_wconf 75' lang='grc' dir='ltr'>τῇσι</span> 
     </span>
     <span class='ocr_line' id='line_1_10' title="bbox 168 951 968 1031; baseline 0.001 -20"><span class='ocrx_word' id='word_1_66' title='bbox 168 955 276 1031; x_wconf 84' lang='grc' dir='ltr'>γυναιξὶ</span> <span class='ocrx_word' id='word_1_67' title='bbox 296 954 448 1014; x_wconf 87' lang='grc' dir='ltr'>κόπτονταί</span> <span class='ocrx_word' id='word_1_68' title='bbox 463 980 495 1013; x_wconf 90' lang='grc' dir='ltr'>τε</span> <span class='ocrx_word' id='word_1_69' title='bbox 515 953 550 1012; x_wconf 76' lang='grc' dir='ltr'>τό</span> <span class='ocrx_word' id='word_1_70' title='bbox 568 954 682 1028; x_wconf 91' lang='grc' dir='ltr'>μέτωπα</span> <span class='ocrx_word' id='word_1_71' title='bbox 699 951 847 1029; x_wconf 79' lang='grc' dir='ltr'>προθύμως</span> <span class='ocrx_word' id='word_1_72' title='bbox 867 952 912 1010; x_wconf 83' lang='grc' dir='ltr'>καὶ</span> <span class='ocrx_word' id='word_1_73' title='bbox 931 957 968 1012; x_wconf 84' lang='grc' dir='ltr'>οἶ-</span> 
     </span>
     <span class='ocr_line' id='line_1_11' title="bbox 169 1039 968 1120; baseline 0.003 -21"><span class='ocrx_word' id='word_1_74' title='bbox 169 1045 248 1119; x_wconf 76' lang='grc' dir='ltr'>μωγῇ</span> <span class='ocrx_word' id='word_1_75' title='bbox 272 1043 451 1120; x_wconf 76' lang='grc' dir='ltr'>διαχρέωνται</span> <span class='ocrx_word' id='word_1_76' title='bbox 475 1041 596 1120; x_wconf 78' lang='grc' dir='ltr'>ἀπλέτῳ·</span> <span class='ocrx_word' id='word_1_77' title='bbox 624 1041 744 1116; x_wconf 80' lang='grc' dir='ltr'>φάμενοι</span> <span class='ocrx_word' id='word_1_78' title='bbox 770 1039 820 1099; x_wconf 83' lang='grc' dir='ltr'>τόν</span> <span class='ocrx_word' id='word_1_79' title='bbox 846 1041 968 1101; x_wconf 83' lang='grc' dir='ltr'>ὕστατον</span> 
     </span>
     <span class='ocr_line' id='line_1_12' title="bbox 171 1126 968 1208; baseline 0.006 -25"><span class='ocrx_word' id='word_1_80' title='bbox 171 1129 223 1184; x_wconf 80' lang='grc' dir='ltr'>αἰεὶ</span> <span class='ocrx_word' id='word_1_81' title='bbox 236 1126 440 1208; x_wconf 76' lang='grc' dir='ltr'>ἀπογενόμενον</span> <span class='ocrx_word' id='word_1_82' title='bbox 453 1134 507 1188; x_wconf 80' lang='grc' dir='ltr'>τῶν</span> <span class='ocrx_word' id='word_1_83' title='bbox 520 1129 665 1204; x_wconf 89' lang='grc' dir='ltr'>βασιλέων</span> <span class='ocrx_word' id='word_1_84' title='bbox 677 1132 776 1188; x_wconf 82' lang='grc' dir='ltr'>τοῦτον</span> <span class='ocrx_word' id='word_1_85' title='bbox 790 1128 823 1202; x_wconf 80' lang='grc' dir='ltr'>δὴ</span> <span class='ocrx_word' id='word_1_86' title='bbox 837 1131 968 1208; x_wconf 88' lang='grc' dir='ltr'>γενέσθαι</span> 
     </span>
     <span class='ocr_line' id='line_1_13' title="bbox 172 1211 967 1294; baseline 0.009 -25"><span class='ocrx_word' id='word_1_87' title='bbox 172 1211 296 1288; x_wconf 74' lang='grc' dir='ltr'>ἄριστον.</span> <span class='ocrx_word' id='word_1_88' title='bbox 319 1215 336 1274; x_wconf 59' lang='grc' dir='ltr'>έ</span> <span class='ocrx_word' id='word_1_89' title='bbox 338 1242 351 1277; x_wconf 86' lang='grc' dir='ltr'>ς</span> <span class='ocrx_word' id='word_1_90' title='bbox 364 1216 385 1270; x_wconf 80' lang='grc' dir='ltr'>δ’</span> <span class='ocrx_word' id='word_1_91' title='bbox 398 1215 431 1275; x_wconf 75' lang='grc' dir='ltr'>ἂν</span> <span class='ocrx_word' id='word_1_92' title='bbox 442 1221 470 1275; x_wconf 84' lang='grc' dir='ltr'>έν</span> <span class='ocrx_word' id='word_1_93' title='bbox 484 1217 598 1293; x_wconf 78' lang='grc' dir='ltr'>πολέμῳ</span> <span class='ocrx_word' id='word_1_94' title='bbox 608 1220 662 1274; x_wconf 87' lang='grc' dir='ltr'>τῶν</span> <span class='ocrx_word' id='word_1_95' title='bbox 675 1216 820 1290; x_wconf 87' lang='grc' dir='ltr'>βασιλέων</span> <span class='ocrx_word' id='word_1_96' title='bbox 831 1215 967 1294; x_wconf 77' lang='grc' dir='ltr'>ἀποθάνῃ,</span> 
     </span>
     <span class='ocr_line' id='line_1_14' title="bbox 171 1300 968 1383; baseline 0.004 -25"><span class='ocrx_word' id='word_1_97' title='bbox 171 1300 258 1380; x_wconf 79' lang='grc' dir='ltr'>τούτῳ</span> <span class='ocrx_word' id='word_1_98' title='bbox 272 1302 301 1360; x_wconf 82' lang='grc' dir='ltr'>δὲ</span> <span class='ocrx_word' id='word_1_99' title='bbox 315 1303 427 1362; x_wconf 84' lang='grc' dir='ltr'>εἴδωλον</span> <span class='ocrx_word' id='word_1_100' title='bbox 441 1302 627 1365; x_wconf 80' lang='grc' dir='ltr'>σκευάσαντες</span> <span class='ocrx_word' id='word_1_101' title='bbox 638 1308 666 1361; x_wconf 84' lang='grc' dir='ltr'>έν</span> <span class='ocrx_word' id='word_1_102' title='bbox 676 1303 756 1380; x_wconf 83' lang='grc' dir='ltr'>κλίνῃ</span> <span class='ocrx_word' id='word_1_103' title='bbox 771 1302 799 1360; x_wconf 79' lang='grc' dir='ltr'>εὖ</span> <span class='ocrx_word' id='word_1_104' title='bbox 810 1307 968 1383; x_wconf 79' lang='grc' dir='ltr'>ἐστρωμένη</span> 
     </span>
     <span class='ocr_line' id='line_1_15' title="bbox 171 1389 968 1470; baseline 0.008 -24"><span class='ocrx_word' id='word_1_105' title='bbox 171 1391 330 1465; x_wconf 89' lang='grc' dir='ltr'>ε’κφέρουσι·</span> <span class='ocrx_word' id='word_1_106' title='bbox 354 1391 437 1450; x_wconf 74' lang='grc' dir='ltr'>ε’πειῖν</span> <span class='ocrx_word' id='word_1_107' title='bbox 459 1391 488 1450; x_wconf 78' lang='grc' dir='ltr'>δὲ</span> <span class='ocrx_word' id='word_1_108' title='bbox 510 1390 629 1467; x_wconf 81' lang='grc' dir='ltr'>θάψωσι,</span> <span class='ocrx_word' id='word_1_109' title='bbox 650 1389 738 1470; x_wconf 79' lang='grc' dir='ltr'>α’γορῆ</span> <span class='ocrx_word' id='word_1_110' title='bbox 760 1391 825 1448; x_wconf 90' lang='grc' dir='ltr'>δέκα</span> <span class='ocrx_word' id='word_1_111' title='bbox 847 1391 968 1467; x_wconf 81' lang='grc' dir='ltr'>ἡμερέων</span> 
     </span>
     <span class='ocr_line' id='line_1_16' title="bbox 171 1476 963 1556; baseline 0.008 -21"><span class='ocrx_word' id='word_1_112' title='bbox 171 1476 220 1536; x_wconf 86' lang='grc' dir='ltr'>ούκ</span> <span class='ocrx_word' id='word_1_113' title='bbox 235 1479 349 1538; x_wconf 83' lang='grc' dir='ltr'>ἵσταταί</span> <span class='ocrx_word' id='word_1_114' title='bbox 360 1485 415 1554; x_wconf 90' lang='grc' dir='ltr'>σφι</span> <span class='ocrx_word' id='word_1_115' title='bbox 430 1479 486 1538; x_wconf 76' lang='grc' dir='ltr'>οὐδ’</span> <span class='ocrx_word' id='word_1_116' title='bbox 500 1478 665 1556; x_wconf 72' lang='grc' dir='ltr'>ἀρχαιρεσίη</span> <span class='ocrx_word' id='word_1_117' title='bbox 682 1479 794 1548; x_wconf 84' lang='grc' dir='ltr'>συνίζει,</span> <span class='ocrx_word' id='word_1_118' title='bbox 809 1479 885 1538; x_wconf 73' lang='grc' dir='ltr'>ἄλλό</span> <span class='ocrx_word' id='word_1_119' title='bbox 902 1507 963 1542; x_wconf 91' lang='grc' dir='ltr'>πεν-</span> 
     </span>
     <span class='ocr_line' id='line_1_17' title="bbox 171 1566 1013 1643; baseline 0.007 -20"><span class='ocrx_word' id='word_1_120' title='bbox 171 1566 266 1624; x_wconf 89' lang='grc' dir='ltr'>θέουσι</span> <span class='ocrx_word' id='word_1_121' title='bbox 284 1566 451 1630; x_wconf 74' lang='grc' dir='ltr'>ταύταςτὰς</span> <span class='ocrx_word' id='word_1_122' title='bbox 469 1567 581 1643; x_wconf 80' lang='grc' dir='ltr'>ἡμέρας.</span> <span class='ocrx_word' id='word_1_123' title='bbox 625 1567 821 1642; x_wconf 89' lang='grc' dir='ltr'>Συμφέρονται</span> <span class='ocrx_word' id='word_1_124' title='bbox 842 1567 870 1625; x_wconf 84' lang='grc' dir='ltr'>δὲ</span> <span class='ocrx_word' id='word_1_125' title='bbox 893 1567 1013 1629; x_wconf 74' lang='grc' dir='ltr'>ἄλλο59</span> 
     </span>
     <span class='ocr_line' id='line_1_18' title="bbox 169 1653 964 1734; baseline 0.006 -23"><span class='ocrx_word' id='word_1_126' title='bbox 169 1654 231 1712; x_wconf 90' lang='grc' dir='ltr'>τόδε</span> <span class='ocrx_word' id='word_1_127' title='bbox 249 1659 325 1714; x_wconf 86' lang='grc' dir='ltr'>τοῖσι</span> <span class='ocrx_word' id='word_1_128' title='bbox 345 1657 486 1734; x_wconf 85' lang='grc' dir='ltr'>Πέρσησι.</span> <span class='ocrx_word' id='word_1_129' title='bbox 529 1655 612 1714; x_wconf 76' lang='grc' dir='ltr'>ε’πεὰν</span> <span class='ocrx_word' id='word_1_130' title='bbox 634 1653 822 1718; x_wconf 77' lang='grc' dir='ltr'>ἀποθανόντος</span> <span class='ocrx_word' id='word_1_131' title='bbox 843 1662 895 1718; x_wconf 60' lang='grc' dir='ltr'>τοῦ,</span> <span class='ocrx_word' id='word_1_132' title='bbox 910 1660 964 1733; x_wconf 90' lang='grc' dir='ltr'>βα-</span> 
     </span>
     <span class='ocr_line' id='line_1_19' title="bbox 170 1741 967 1820; baseline 0.008 -20"><span class='ocrx_word' id='word_1_133' title='bbox 170 1744 265 1805; x_wconf 89' lang='grc' dir='ltr'>σιλέος</span> <span class='ocrx_word' id='word_1_134' title='bbox 291 1743 379 1806; x_wconf 77' lang='grc' dir='ltr'>ἄλλος</span> <span class='ocrx_word' id='word_1_135' title='bbox 403 1746 544 1820; x_wconf 79' lang='grc' dir='ltr'>ἐνίστηται</span> <span class='ocrx_word' id='word_1_136' title='bbox 567 1742 714 1819; x_wconf 82' lang='grc' dir='ltr'>βασιλεύς,</span> <span class='ocrx_word' id='word_1_137' title='bbox 741 1741 821 1806; x_wconf 83' lang='grc' dir='ltr'>οὗτος</span> <span class='ocrx_word' id='word_1_138' title='bbox 844 1745 859 1804; x_wconf 85' lang='grc' dir='ltr'>ὁ</span> <span class='ocrx_word' id='word_1_139' title='bbox 884 1746 967 1806; x_wconf 78' lang='grc' dir='ltr'>ε’σιών</span> 
     </span>
     <span class='ocr_line' id='line_1_20' title="bbox 171 1832 967 1913; baseline 0.006 -26"><span class='ocrx_word' id='word_1_140' title='bbox 171 1833 310 1908; x_wconf 79' lang='grc' dir='ltr'>ἐλευθεροῖ</span> <span class='ocrx_word' id='word_1_141' title='bbox 332 1832 409 1894; x_wconf 84' lang='grc' dir='ltr'>ὅστις</span> <span class='ocrx_word' id='word_1_142' title='bbox 429 1859 456 1891; x_wconf 91' lang='grc' dir='ltr'>τι</span> <span class='ocrx_word' id='word_1_143' title='bbox 476 1833 669 1909; x_wconf 76' lang='grc' dir='ltr'>Σπαρτιητέων</span> <span class='ocrx_word' id='word_1_144' title='bbox 689 1835 727 1908; x_wconf 80' lang='grc' dir='ltr'>τῷ</span> <span class='ocrx_word' id='word_1_145' title='bbox 750 1833 872 1906; x_wconf 81' lang='grc' dir='ltr'>βασιλέϊ</span> <span class='ocrx_word' id='word_1_146' title='bbox 891 1832 909 1908; x_wconf 85' lang='grc' dir='ltr'>ἢ</span> <span class='ocrx_word' id='word_1_147' title='bbox 929 1838 967 1913; x_wconf 75' lang='grc' dir='ltr'>τῷ</span> 
     </span>
     <span class='ocr_line' id='line_1_21' title="bbox 170 1917 967 1998; baseline 0.008 -21"><span class='ocrx_word' id='word_1_148' title='bbox 170 1917 293 1998; x_wconf 82' lang='grc' dir='ltr'>δημοσίῳ</span> <span class='ocrx_word' id='word_1_149' title='bbox 309 1919 421 1994; x_wconf 79' lang='grc' dir='ltr'>ὤφειλε·</span> <span class='ocrx_word' id='word_1_150' title='bbox 442 1926 471 1980; x_wconf 93' lang='grc' dir='ltr'>ε’ν</span> <span class='ocrx_word' id='word_1_151' title='bbox 489 1919 511 1979; x_wconf 88' lang='grc' dir='ltr'>δ’</span> <span class='ocrx_word' id='word_1_152' title='bbox 528 1919 562 1978; x_wconf 82' lang='grc' dir='ltr'>αὗ</span> <span class='ocrx_word' id='word_1_153' title='bbox 576 1921 709 1997; x_wconf 85' lang='grc' dir='ltr'>Πέρσῃσι</span> <span class='ocrx_word' id='word_1_154' title='bbox 730 1919 745 1978; x_wconf 87' lang='grc' dir='ltr'>ό</span> <span class='ocrx_word' id='word_1_155' title='bbox 768 1922 967 1997; x_wconf 80' lang='grc' dir='ltr'>κατιστάμενος</span> 
     </span>
     <span class='ocr_line' id='line_1_22' title="bbox 168 2007 966 2085; baseline 0.003 -22"><span class='ocrx_word' id='word_1_156' title='bbox 168 2007 306 2080; x_wconf 79' lang='grc' dir='ltr'>βασιλεύς</span> <span class='ocrx_word' id='word_1_157' title='bbox 319 2008 367 2067; x_wconf 82' lang='grc' dir='ltr'>τόν</span> <span class='ocrx_word' id='word_1_158' title='bbox 380 2009 642 2085; x_wconf 90' lang='grc' dir='ltr'>προσοφειλόμενον</span> <span class='ocrx_word' id='word_1_159' title='bbox 657 2007 746 2082; x_wconf 92' lang='grc' dir='ltr'>φόρον</span> <span class='ocrx_word' id='word_1_160' title='bbox 756 2009 844 2083; x_wconf 86' lang='grc' dir='ltr'>μετίει</span> <span class='ocrx_word' id='word_1_161' title='bbox 854 2009 966 2085; x_wconf 79' lang='grc' dir='ltr'>πάσῃσι</span> 
     </span>
     <span class='ocr_line' id='line_1_23' title="bbox 169 2094 1013 2173; baseline 0.006 -22"><span class='ocrx_word' id='word_1_162' title='bbox 169 2097 235 2170; x_wconf 76' lang='grc' dir='ltr'>τῇσι</span> <span class='ocrx_word' id='word_1_163' title='bbox 248 2094 357 2154; x_wconf 88' lang='grc' dir='ltr'>πόλισι.</span> <span class='ocrx_word' id='word_1_164' title='bbox 396 2099 592 2172; x_wconf 90' lang='grc' dir='ltr'>Συμφέρονται</span> <span class='ocrx_word' id='word_1_165' title='bbox 606 2096 635 2153; x_wconf 85' lang='grc' dir='ltr'>δὲ</span> <span class='ocrx_word' id='word_1_166' title='bbox 649 2095 695 2153; x_wconf 84' lang='grc' dir='ltr'>καὶ</span> <span class='ocrx_word' id='word_1_167' title='bbox 708 2094 773 2152; x_wconf 84' lang='grc' dir='ltr'>τόδε</span> <span class='ocrx_word' id='word_1_168' title='bbox 788 2098 967 2173; x_wconf 83' lang='grc' dir='ltr'>Αἰγυπτίοισι</span> <span class='ocrx_word' id='word_1_169' title='bbox 976 2100 1013 2156; x_wconf 87' lang='grc'>60</span> 
     </span>
     <span class='ocr_line' id='line_1_24' title="bbox 168 2180 967 2260; baseline 0.004 -22"><span class='ocrx_word' id='word_1_170' title='bbox 168 2183 389 2260; x_wconf 88' lang='grc' dir='ltr'>Λακεδαιμόνιοι·</span> <span class='ocrx_word' id='word_1_171' title='bbox 411 2188 437 2242; x_wconf 83' lang='grc' dir='ltr'>οἱ</span> <span class='ocrx_word' id='word_1_172' title='bbox 460 2185 573 2259; x_wconf 77' lang='grc' dir='ltr'>κήρυκες</span> <span class='ocrx_word' id='word_1_173' title='bbox 595 2182 684 2240; x_wconf 77' lang='grc' dir='ltr'>αὐτῶν</span> <span class='ocrx_word' id='word_1_174' title='bbox 709 2181 754 2237; x_wconf 83' lang='grc' dir='ltr'>καὶ</span> <span class='ocrx_word' id='word_1_175' title='bbox 779 2180 897 2255; x_wconf 82' lang='grc' dir='ltr'>αύληταὶ</span> <span class='ocrx_word' id='word_1_176' title='bbox 923 2184 967 2241; x_wconf 85' lang='grc' dir='ltr'>καὶ</span> 
     </span>
     <span class='ocr_line' id='line_1_25' title="bbox 167 2269 966 2350; baseline 0.001 -23"><span class='ocrx_word' id='word_1_177' title='bbox 167 2269 295 2350; x_wconf 75' lang='grc' dir='ltr'>μάγειροι</span> <span class='ocrx_word' id='word_1_178' title='bbox 309 2274 464 2332; x_wconf 87' lang='grc' dir='ltr'>ἐκδέκονται</span> <span class='ocrx_word' id='word_1_179' title='bbox 477 2272 527 2333; x_wconf 74' lang='grc' dir='ltr'>τὰς</span> <span class='ocrx_word' id='word_1_180' title='bbox 540 2269 679 2345; x_wconf 75' lang='grc' dir='ltr'>πατρωίας</span> <span class='ocrx_word' id='word_1_181' title='bbox 697 2269 803 2345; x_wconf 87' lang='grc' dir='ltr'>τέχνας,</span> <span class='ocrx_word' id='word_1_182' title='bbox 820 2270 865 2326; x_wconf 86' lang='grc' dir='ltr'>καὶ</span> <span class='ocrx_word' id='word_1_183' title='bbox 883 2270 966 2347; x_wconf 80' lang='grc' dir='ltr'>αὐλη-</span> 
     </span>
     <span class='ocr_line' id='line_1_26' title="bbox 167 2356 964 2440; baseline 0.005 -25"><span class='ocrx_word' id='word_1_184' title='bbox 167 2357 216 2432; x_wconf 83' lang='grc' dir='ltr'>τής</span> <span class='ocrx_word' id='word_1_185' title='bbox 228 2385 259 2418; x_wconf 90' lang='grc' dir='ltr'>τε</span> <span class='ocrx_word' id='word_1_186' title='bbox 273 2360 397 2436; x_wconf 75' lang='grc' dir='ltr'>αὐλητέω</span> <span class='ocrx_word' id='word_1_187' title='bbox 415 2360 528 2440; x_wconf 86' lang='grc' dir='ltr'>γίνεται,</span> <span class='ocrx_word' id='word_1_188' title='bbox 544 2358 589 2416; x_wconf 80' lang='grc' dir='ltr'>καὶ</span> <span class='ocrx_word' id='word_1_189' title='bbox 610 2356 741 2436; x_wconf 79' lang='grc' dir='ltr'>μάγειρος</span> <span class='ocrx_word' id='word_1_190' title='bbox 757 2358 899 2436; x_wconf 86' lang='grc' dir='ltr'>μαγείρου,</span> <span class='ocrx_word' id='word_1_191' title='bbox 919 2361 964 2420; x_wconf 80' lang='grc' dir='ltr'>καὶ</span> 
     </span>
     <span class='ocr_line' id='line_1_27' title="bbox 168 2444 1019 2524; baseline 0.007 -22"><span class='ocrx_word' id='word_1_192' title='bbox 168 2444 255 2521; x_wconf 77' lang='grc' dir='ltr'>κη’ρυξ</span> <span class='ocrx_word' id='word_1_193' title='bbox 276 2447 401 2524; x_wconf 80' lang='grc' dir='ltr'>κήρυκος·</span> <span class='ocrx_word' id='word_1_194' title='bbox 424 2446 455 2506; x_wconf 82' lang='grc' dir='ltr'>ού</span> <span class='ocrx_word' id='word_1_195' title='bbox 479 2445 548 2504; x_wconf 69' lang='grc' dir='ltr'>κατὰ</span> <span class='ocrx_word' id='word_1_196' title='bbox 567 2445 788 2521; x_wconf 82' lang='grc' dir='ltr'>λαμπροφωνίην</span> <span class='ocrx_word' id='word_1_197' title='bbox 810 2448 966 2524; x_wconf 83' lang='grc' dir='ltr'>ἐπιθέμενοι</span> <span class='ocrx_word' id='word_1_198' title='bbox 1016 2482 1019 2489; x_wconf 95' lang='grc'><strong><em>·</em></strong></span> 
     </span>
     <span class='ocr_line' id='line_1_28' title="bbox 167 2531 967 2614; baseline 0.005 -22"><span class='ocrx_word' id='word_1_199' title='bbox 167 2531 253 2593; x_wconf 72' lang='grc' dir='ltr'>ἄλλοι</span> <span class='ocrx_word' id='word_1_200' title='bbox 275 2538 366 2611; x_wconf 90' lang='grc' dir='ltr'>σφέας</span> <span class='ocrx_word' id='word_1_201' title='bbox 387 2535 603 2612; x_wconf 82' lang='grc' dir='ltr'>παρακληίουσι,</span> <span class='ocrx_word' id='word_1_202' title='bbox 624 2531 702 2592; x_wconf 74' lang='grc' dir='ltr'>α’λλᾶ</span> <span class='ocrx_word' id='word_1_203' title='bbox 720 2532 788 2592; x_wconf 77' lang='grc' dir='ltr'>κατοὶ</span> <span class='ocrx_word' id='word_1_204' title='bbox 807 2534 843 2594; x_wconf 71' lang='grc' dir='ltr'>τα</span> <span class='ocrx_word' id='word_1_205' title='bbox 864 2536 967 2614; x_wconf 79' lang='grc' dir='ltr'>πάτρια</span> 
     </span>
     <span class='ocr_line' id='line_1_29' title="bbox 167 2621 803 2702; baseline 0.003 -24"><span class='ocrx_word' id='word_1_206' title='bbox 167 2625 351 2684; x_wconf 78' lang='grc' dir='ltr'>ἐπιτελέουσι.</span> <span class='ocrx_word' id='word_1_207' title='bbox 392 2629 479 2684; x_wconf 80' lang='grc' dir='ltr'>ταῦτα</span> <span class='ocrx_word' id='word_1_208' title='bbox 493 2627 543 2699; x_wconf 76' lang='grc' dir='ltr'>μὲν</span> <span class='ocrx_word' id='word_1_209' title='bbox 557 2623 591 2698; x_wconf 74' lang='grc' dir='ltr'>δὴ</span> <span class='ocrx_word' id='word_1_210' title='bbox 606 2621 675 2682; x_wconf 81' lang='grc' dir='ltr'>οὕτω</span> <span class='ocrx_word' id='word_1_211' title='bbox 689 2622 803 2702; x_wconf 89' lang='grc' dir='ltr'>γίνεται.</span> 
     </span>
    </p>

    <p class='ocr_par' dir='ltr' id='par_1_2' title="bbox 164 2710 1010 3321">
     <span class='ocr_line' id='line_1_30' title="bbox 207 2710 1010 2791; baseline 0.004 -22"><span class='ocrx_word' id='word_1_212' title='bbox 207 2710 277 2770; x_wconf 86' lang='grc' dir='ltr'>Τότε</span> <span class='ocrx_word' id='word_1_213' title='bbox 299 2713 328 2771; x_wconf 85' lang='grc' dir='ltr'>δὲ</span> <span class='ocrx_word' id='word_1_214' title='bbox 349 2713 398 2773; x_wconf 80' lang='grc' dir='ltr'>τόν</span> <span class='ocrx_word' id='word_1_215' title='bbox 413 2713 582 2788; x_wconf 89' lang='grc' dir='ltr'>Κλεομένεα,</span> <span class='ocrx_word' id='word_1_216' title='bbox 600 2711 679 2770; x_wconf 87' lang='grc' dir='ltr'>ε’όντα</span> <span class='ocrx_word' id='word_1_217' title='bbox 702 2715 730 2769; x_wconf 93' lang='grc' dir='ltr'>ε’ν</span> <span class='ocrx_word' id='word_1_218' title='bbox 750 2712 899 2791; x_wconf 80' lang='grc' dir='ltr'>τῇΑἶγίνη</span> <span class='ocrx_word' id='word_1_219' title='bbox 918 2714 963 2772; x_wconf 80' lang='grc' dir='ltr'>καὶ</span> <span class='ocrx_word' id='word_1_220' title='bbox 976 2715 1010 2772; x_wconf 88' lang='grc'>61</span> 
     </span>
     <span class='ocr_line' id='line_1_31' title="bbox 167 2797 966 2881; baseline 0.005 -26"><span class='ocrx_word' id='word_1_221' title='bbox 167 2799 245 2858; x_wconf 71' lang='grc' dir='ltr'>κοινὰ</span> <span class='ocrx_word' id='word_1_222' title='bbox 261 2805 296 2879; x_wconf 76' lang='grc' dir='ltr'>τῇ</span> <span class='ocrx_word' id='word_1_223' title='bbox 310 2801 428 2860; x_wconf 79' lang='grc' dir='ltr'>Ἑλλάδι</span> <span class='ocrx_word' id='word_1_224' title='bbox 446 2800 539 2881; x_wconf 74' lang='grc' dir='ltr'>ιίγαθιὶ</span> <span class='ocrx_word' id='word_1_225' title='bbox 553 2797 822 2879; x_wconf 86' lang='grc' dir='ltr'>προσεργαζόμενον,</span> <span class='ocrx_word' id='word_1_226' title='bbox 838 2799 853 2858; x_wconf 85' lang='grc' dir='ltr'>ό</span> <span class='ocrx_word' id='word_1_227' title='bbox 869 2802 966 2877; x_wconf 85' lang='grc' dir='ltr'>Δημύ-</span> 
     </span>
     <span class='ocr_line' id='line_1_32' title="bbox 164 2886 967 2970; baseline 0.002 -25"><span class='ocrx_word' id='word_1_228' title='bbox 164 2911 249 2962; x_wconf 89' lang='grc' dir='ltr'>ρητος</span> <span class='ocrx_word' id='word_1_229' title='bbox 269 2889 393 2965; x_wconf 81' lang='grc' dir='ltr'>διέβαλε,</span> <span class='ocrx_word' id='word_1_230' title='bbox 411 2889 461 2949; x_wconf 81' lang='grc' dir='ltr'>ούκ</span> <span class='ocrx_word' id='word_1_231' title='bbox 480 2889 646 2970; x_wconf 79' lang='grc' dir='ltr'>Αἰγινητέων</span> <span class='ocrx_word' id='word_1_232' title='bbox 669 2886 738 2946; x_wconf 79' lang='grc' dir='ltr'>οὕτω</span> <span class='ocrx_word' id='word_1_233' title='bbox 761 2887 909 2964; x_wconf 86' lang='grc' dir='ltr'>κηδόμενος</span> <span class='ocrx_word' id='word_1_234' title='bbox 932 2889 967 2951; x_wconf 69' lang='grc' dir='ltr'>οἷς</span> 
     </span>
     <span class='ocr_line' id='line_1_33' title="bbox 167 2975 966 3058; baseline 0.004 -24"><span class='ocrx_word' id='word_1_235' title='bbox 167 2975 262 3055; x_wconf 82' lang='grc' dir='ltr'>φθόνῳ</span> <span class='ocrx_word' id='word_1_236' title='bbox 277 2980 322 3036; x_wconf 87' lang='grc' dir='ltr'>καὶ</span> <span class='ocrx_word' id='word_1_237' title='bbox 336 2977 390 3058; x_wconf 77' lang='grc' dir='ltr'>ἄγη</span> <span class='ocrx_word' id='word_1_238' title='bbox 404 2978 565 3057; x_wconf 75' lang='grc' dir='ltr'>χρεώμενος.</span> <span class='ocrx_word' id='word_1_239' title='bbox 606 2978 768 3052; x_wconf 83' lang='grc' dir='ltr'>Κλεομένης</span> <span class='ocrx_word' id='word_1_240' title='bbox 781 2975 810 3033; x_wconf 85' lang='grc' dir='ltr'>δὲ</span> <span class='ocrx_word' id='word_1_241' title='bbox 825 2977 966 3051; x_wconf 81' lang='grc' dir='ltr'>νοστήσας</span> 
     </span>
     <span class='ocr_line' id='line_1_34' title="bbox 165 3060 964 3146; baseline 0.005 -23"><span class='ocrx_word' id='word_1_242' title='bbox 165 3060 214 3120; x_wconf 67' lang='grc' dir='ltr'>εἶπ’</span> <span class='ocrx_word' id='word_1_243' title='bbox 233 3067 347 3146; x_wconf 84' lang='grc' dir='ltr'>Αἰγίνης</span> <span class='ocrx_word' id='word_1_244' title='bbox 369 3067 503 3142; x_wconf 78' lang='grc' dir='ltr'>ἐβούλευε</span> <span class='ocrx_word' id='word_1_245' title='bbox 522 3066 572 3126; x_wconf 82' lang='grc' dir='ltr'>τόν</span> <span class='ocrx_word' id='word_1_246' title='bbox 595 3065 763 3141; x_wconf 75' lang='grc' dir='ltr'>Δημάρητον</span> <span class='ocrx_word' id='word_1_247' title='bbox 785 3068 894 3121; x_wconf 75' lang='grc' dir='ltr'>παῦσαι</span> <span class='ocrx_word' id='word_1_248' title='bbox 915 3067 964 3139; x_wconf 81' lang='grc' dir='ltr'>τῆς</span> 
     </span>
     <span class='ocr_line' id='line_1_35' title="bbox 165 3150 967 3235; baseline 0.004 -26"><span class='ocrx_word' id='word_1_249' title='bbox 165 3151 331 3229; x_wconf 84' lang='grc' dir='ltr'>βασιληίης,</span> <span class='ocrx_word' id='word_1_250' title='bbox 351 3156 396 3214; x_wconf 71' lang='grc' dir='ltr'>διὰ</span> <span class='ocrx_word' id='word_1_251' title='bbox 416 3159 533 3235; x_wconf 78' lang='grc' dir='ltr'>πρῆγμα</span> <span class='ocrx_word' id='word_1_252' title='bbox 554 3154 660 3213; x_wconf 87' lang='grc' dir='ltr'>τοιόνδε</span> <span class='ocrx_word' id='word_1_253' title='bbox 683 3153 818 3224; x_wconf 83' lang='grc' dir='ltr'>ἐπίβασιν</span> <span class='ocrx_word' id='word_1_254' title='bbox 839 3157 866 3212; x_wconf 92' lang='grc' dir='ltr'>ε’ς</span> <span class='ocrx_word' id='word_1_255' title='bbox 884 3150 967 3212; x_wconf 78' lang='grc' dir='ltr'>αὐτόν</span> 
     </span>
     <span class='ocr_line' id='line_1_36' title="bbox 165 3237 966 3321; baseline 0.002 -26"><span class='ocrx_word' id='word_1_256' title='bbox 165 3240 336 3317; x_wconf 86' lang='grc' dir='ltr'>ποιεύμενος·</span> <span class='ocrx_word' id='word_1_257' title='bbox 357 3243 505 3321; x_wconf 86' lang='grc' dir='ltr'>Ἀρίστωνι</span> <span class='ocrx_word' id='word_1_258' title='bbox 526 3241 709 3318; x_wconf 74' lang='grc' dir='ltr'>βασιλεύοντι</span> <span class='ocrx_word' id='word_1_259' title='bbox 732 3243 759 3294; x_wconf 94' lang='grc' dir='ltr'>ε’ν</span> <span class='ocrx_word' id='word_1_260' title='bbox 783 3237 897 3317; x_wconf 80' lang='grc' dir='ltr'>Σπάρτῃ</span> <span class='ocrx_word' id='word_1_261' title='bbox 920 3241 966 3297; x_wconf 88' lang='grc' dir='ltr'>καὶ</span> 
     </span>
    </p>
   </div>
   <div class='ocr_carea' id='block_1_2' title="bbox 667 3323 757 3346">
    <p class='ocr_par' dir='ltr' id='par_1_3' title="bbox 667 3323 757 3346">
     <span class='ocr_line' id='line_1_37' title="bbox 667 3323 757 3346; baseline -0.022 0"><span class='ocrx_word' id='word_1_262' title='bbox 667 3323 757 3346; x_wconf 54' lang='lat' dir='ltr'>&#39;vl</span> 
     </span>
    </p>
   </div>
   <div class='ocr_carea' id='block_1_3' title="bbox 165 3323 965 3412">
    <p class='ocr_par' dir='ltr' id='par_1_4' title="bbox 165 3323 965 3412">
     <span class='ocr_line' id='line_1_38' title="bbox 165 3323 965 3412; baseline -0.008 -21"><span class='ocrx_word' id='word_1_263' title='bbox 165 3324 288 3406; x_wconf 70' lang='grc' dir='ltr'>γήμαντι</span> <span class='ocrx_word' id='word_1_264' title='bbox 306 3337 437 3412; x_wconf 83' lang='grc' dir='ltr'>γυναῖκας</span> <span class='ocrx_word' id='word_1_265' title='bbox 459 3330 507 3391; x_wconf 88' lang='grc' dir='ltr'>δύο</span> <span class='ocrx_word' id='word_1_266' title='bbox 529 3330 624 3391; x_wconf 82' lang='grc' dir='ltr'>παῖδες</span> <span class='ocrx_word' id='word_1_267' title='bbox 643 3349 691 3385; x_wconf 92' lang='grc' dir='ltr'>ουκ</span> <span class='ocrx_word' id='word_1_268' title='bbox 712 3348 844 3406; x_wconf 86' lang='grc' dir='ltr'>εγινοντο·</span> <span class='ocrx_word' id='word_1_269' title='bbox 867 3328 912 3384; x_wconf 79' lang='grc' dir='ltr'>καὶ</span> <span class='ocrx_word' id='word_1_270' title='bbox 934 3323 965 3386; x_wconf 84' lang='grc' dir='ltr'>ού</span> 
     </span>
    </p>
   </div>
   <div class='ocr_carea' id='block_1_4' title="bbox 0 0 1138 3536">
    <p class='ocr_par' dir='ltr' id='par_1_5' title="bbox 0 0 1138 3536">
     <span class='ocr_line' id='line_1_39' title="bbox 0 0 1138 3536; baseline 0 1"><span class='ocrx_word' id='word_1_271' title='bbox 0 0 1138 3536; x_wconf 95' lang='lat' dir='ltr'> </span> 
     </span>
    </p>
   </div>
  </div>
 </body>
</html>
