2278 3538
161 157 209 205 265
461 153 644 202 ἨΡΟΔΟΤΟΤ
871 151 961 216 [VIII.

92 295 95 300 ,
164 257 245 295 οντας
272 230 414 307 ἐκπηδέειν
440 235 468 293 ἐς
493 230 545 306 τήν
572 229 732 289 θάλασσαν·
763 230 809 287 καὶ
834 229 886 304 τήν
913 235 964 306 νῆα

163 320 422 395 ἐπικουφισθεῖσαν,
436 318 508 378 οὕτω
518 318 551 393 δὴ
563 318 744 393 ἀποσωθῆναι
756 323 784 379 ἐς
794 317 846 392 την
854 317 964 394 Ἀσίην·

164 407 199 471 οῖς
217 408 247 466 δέ
265 409 383 484 ἐκβῆναι
397 405 520 486 τάχιστα
538 411 565 468 ἐς
582 410 636 485 γῆν
654 405 703 464 τόν
719 405 832 481 Ξέρξεα,
847 409 965 481 ποιῆσαι

163 494 278 556 τοιάνδε·
303 495 347 555 ότι
361 497 413 572 μὲν
430 496 520 554 ἔσωσε
537 493 675 570 βασιλέος
690 493 742 569 την
760 492 861 572 ψυχὴν,
881 493 965 572 δωρή-

165 583 274 644 σασθαι
294 584 402 662 χρυσέη
429 581 557 661 στεφάνῃ
577 581 628 640 τόν
649 580 829 658 κυβερνήτεω·
871 581 914 642 ὅτι
936 583 966 642 δὲ

166 673 299 750 Περσέων
311 671 438 735 πολλοὺς
452 670 588 743 ἀπώλεσε,
604 669 758 746 ἀποταμεῖν
771 668 824 744 τήν
837 670 966 746 κεφαλὴν

119 760 280 821 119a13rm3.
323 758 414 822 Οὗτος
434 761 464 818 δὲ
484 757 573 821 ἀλλος
592 759 706 838 λέγεται
726 755 813 838 λόγος
832 759 896 834 περὶ
915 763 966 818 τοῦ

165 847 273 925 Ξέρξεω
290 847 401 916 νόστου,
420 847 546 923 οὐδαμῶς
560 847 654 926 ἔμοιγε
669 845 779 915 πιστός,
794 843 856 904 οὔτε
872 844 966 910 άλλως

165 934 228 995 οὔτε
250 935 283 996 τό
309 936 442 1013 Περσέων
465 938 548 994 τοῦτο
570 933 668 996 πάθος·
701 937 724 991 εί
745 933 799 1013 γάρ
821 932 854 1008 δη
877 937 966 993 ταῦτα

146 1022 236 1083 ὀὕτω
263 1023 355 1130 εἰρέθη
381 1029 411 1082 ἐκ
432 1026 482 1083 τοῦ
509 1021 681 1130 κυβερνήτεω
708 1019 779 1097 πρός
802 1021 914 1098 Ξέρξεα,
936 1027 967 1082 ἐν

165 1112 282 1190 μυρίῃσι
295 1111 423 1193 γνώμῃσι
438 1113 506 1187 μίαν
524 1110 573 1169 οὐκ
590 1111 644 1188 ἔχω
663 1108 852 1180 ἀντίξοον,
812 1136 852 1185 μη
870 1109 919 1168 οὐκ
932 1108 968 1170 ἀν

165 1204 284 1288 ποιῆσαι
304 1201 431 1276 βασιλέα
451 1199 566 1258 τοιόνδε·
607 1223 672 1260 τους
691 1200 742 1273 μὲν
764 1203 793 1256 ἐκ
813 1201 864 1260 τοῦ
885 1224 967 1259 κατα-

166 1314 331 1367 στρωματος
364 1287 604 1364 καταβιβάσαι’
590 1313 617 1349 ες
652 1288 749 1362 κοίλην
780 1291 841 1362 νῆα,
873 1287 968 1351 ἐόντας

166 1378 282 1455 Πέρσας
296 1403 342 1436 και
332 1377 490 1454 Περσέων
508 1402 572 1438 τους
590 1375 721 1486 πρώτους,
738 1375 859 1434 τῶνδ’
846 1377 967 1453 ερετέων,

167 1465 266 1525 ἐόντων
290 1464 469 1535 Φοινίκων,
454 1490 522 1528 οκως
544 1463 594 1522 οὐκ
617 1461 653 1522 ἀν
676 1465 738 1522 ῖσον
760 1465 870 1539 πλῆθος
890 1467 967 1523 τοῖσι

167 1554 334 1662 Πέροῃσι’
322 1579 334 1612 ε
336 1555 475 1630 ξέβαλε’
463 1579 490 1616 ες
509 1552 561 1627 την
582 1551 741 1611 θάλασσαν.
784 1549 886 1610 ἀλλΗ
871 1578 886 1611 ο
906 1555 966 1628 μὲν,

166 1639 202 1703 οῖς
215 1641 271 1698 Ικαὶ
291 1641 427 1717 πρότερον
452 1643 565 1748 εἴρηται,
589 1640 642 1698 ι’δῶ
664 1639 825 1746 χρεόμενος,
850 1639 908 1716 ἅμα
929 1643 969 1720 τῷ

120 1725 266 1806 12οἀλλω
286 1731 397 1806 στρατῷ
417 1727 594 1802 ἀπενόστησε
616 1733 643 1790 ἐς
661 1753 713 1803 την
732 1727 841 1804 Ἀσίην.
883 1728 967 1808 Μέγα

165 1815 195 1874 δέ
215 1787 261 1873 καῖ
281 1815 345 1874 τόδε
364 1815 525 1892 μαρτύριον·
548 1816 676 1891 φαίνεται
692 1817 748 1896 γάρ
767 1817 871 1892 Ξέρξης
885 1821 915 1875 ἐν
931 1820 968 1896 τῇ

166 1901 258 1962 ὀπίσω
272 1904 371 1982 κομιδῇ
385 1903 550 1980 ἀπικόμενος
564 1908 591 1966 ἐς
605 1901 746 1979 Ἀβδηρα,
762 1905 807 1962 καὶ
824 1903 925 1979 ξεινίην
937 1907 970 1962 τέ

166 1997 223 2068 σφι
236 1992 411 2104 συνθέμενος,
427 2019 471 2050 και
462 1991 733 2069 δωρησάμενος
698 2017 796 2054 αυτους
810 1990 924 2070 ἀκινάκῃ
936 2016 968 2050 τε

128 2113 130 2118 ·
166 2107 277 2162 χρυσεω
288 2107 333 2140 και
342 2107 424 2160 τιηρη
434 2081 635 2160 χρυσοπάστῳ·
653 2081 699 2138 καὶ
713 2079 748 2142 οῖς
762 2106 841 2138 αιτοι
831 2079 968 2161 λεγουσι

165 2167 340 2248 Ἀβδηρῖται,
351 2171 504 2251 λέγοντες’
491 2170 555 2245 εμοί
566 2195 599 2249 γε
613 2161 739 2244 οὐδαμῶς
748 2168 845 2241 πιστά,
858 2171 969 2245 πρῶτον

168 2257 289 2317 ἐλύσατο
309 2283 361 2333 την
379 2257 465 2332 ζωνην
483 2257 593 2337 φείγων
616 2256 646 2325 ἐξ
662 2255 833 2331 Ἀθηνέων
817 2256 916 2325 οπίσω,
933 2255 970 2320 οἷς

168 2349 197 2403 ἐν
209 2344 286 2426 ἀδείῃ
302 2345 362 2406 ἐών·
382 2345 417 2404 τά
439 2345 468 2403 δὲ
480 2344 612 2420 Ἀβδηρα
631 2344 736 2422 ἵδρυται
755 2343 825 2420 πρός
841 2348 892 2403 τοῦ
903 2344 969 2403 Ἐλ-

169 2433 333 2507 λησπόντου
345 2437 460 2510 μᾶλλον
472 2432 490 2509 ἢ
504 2437 554 2491 τοῦ
564 2432 722 2508 Στρυμόνος
733 2433 778 2490 καὶ
788 2435 838 2507 τῆς
847 2431 966 2499 Ἠϊόνας,

167 2517 232 2579 ὅθεν
245 2520 281 2596 δή
293 2546 341 2596 μιν
355 2521 429 2595 φασὶ
444 2521 575 2595 ἐπιβῆναι
591 2519 636 2577 ἐπὶ
649 2519 700 2594 τήν
713 2523 775 2594 νῆα.

121 2609 176 2668 121
230 2611 267 2666 Οἱ
288 2608 318 2666 δὲ
332 2606 480 2682 Ἕλληνες,
507 2609 568 2666 ἐπεί
588 2633 619 2665 τε
641 2605 690 2666 οὐκ
716 2608 772 2666 οἶοί
790 2634 821 2667 τε
842 2609 971 2689 ἐγένοντο

168 2694 285 2764 ἐξελέειν
305 2694 357 2770 τὴν
371 2694 500 2771 Ἀνδρον,
515 2695 684 2771 τραπόμενοι
705 2701 732 2758 ἐς
753 2695 904 2772 Κάρυστον
924 2697 971 2754 καῖ

168 2781 335 2858 δηῖαίσαντες
362 2781 451 2842 αὐτοῖν
478 2783 529 2859 τήν
560 2782 660 2862 χώρην,
689 2781 915 2843 ἀπαλλάσσοντο
944 2789 971 2846 ἐς

169 2871 323 2948 Σαλαμῖνα.
367 2875 463 2949 πρῶτα
488 2872 541 2948 μέν
567 2897 616 2930 νυν
641 2874 718 2930 τοῖσι
745 2871 836 2930 θεοῖσι
863 2871 970 2940 ἐξεῖλον

168 2957 311 3035 ἀκροθίνια
337 2959 414 3018 ἀλλα
439 2985 471 3018 τε
494 2959 540 3018 καῖ
562 2957 690 3034 τριήρεας
711 2961 785 3035 τρεῖς
806 2959 970 3022 Φοινίσσας·

167 3045 219 3121 τὴν
238 3049 290 3123 μὲν
310 3052 338 3109 ἐς
356 3046 474 3123 Ἰσθμόν
494 3045 643 3114 ἀναθεῖναι,
657 3043 729 3121 ἥπερ
749 3047 789 3103 ἐτι
808 3047 853 3104 καὶ
875 3051 902 3109 ἐς
922 3049 972 3123 ἐμὲ

168 3131 212 3206 ἦν·
232 3135 284 3210 τὴν
302 3135 331 3193 δέ
350 3135 396 3192 ἐπὶ
415 3134 539 3197 Σούνιον·
560 3131 612 3204 τόν
630 3132 659 3189 δὲ
677 3137 715 3210 τῷ
729 3135 827 3192 Αἴαντι
844 3133 930 3194 αιῖτοΰ
944 3140 972 3196 ἐς

169 3221 325 3289 Σαλαμῖνα·
345 3221 416 3299 μετά
429 3221 554 3280 δὲταῦτα
570 3217 735 3278 διεδάσαντο
753 3221 805 3295 τήν
818 3222 909 3297 ληίην,
925 3223 970 3278 καὶ

168 3304 204 3363 τὰ
236 3307 380 3384 ἀκροθίνια
412 3307 579 3382 ἀπέπεμψαν
614 3310 640 3368 ε’ς
675 3306 815 3383 Δελφούς·
851 3314 881 3366 ἐκ
916 3313 970 3367 τοῖν
