2276 3538
173 153 216 196 τις
476 147 657 194 Ἡιοκουου
897 143 972 208 [vn.

173 231 219 288 ἕνα
237 232 328 307 χῶρον
345 226 465 304 μυριάδα
483 225 642 302 ἀνθρώπων,
658 225 703 282 καὶ
723 225 891 294 συνάξοντες
911 227 975 285 τού

172 345 222 392 την
241 316 275 379 ὦς
288 315 415 392 μάλιστα
433 317 515 393 εἶχον,
531 315 721 395 περιέγραψαν
743 314 840 381 ἔξωθεν
862 313 973 374 κύκλον·

174 405 392 486 περιγράψαντες
411 405 448 472 δὲ,
467 406 511 462 καὶ
533 403 646 466 ἀπέντες
667 404 730 466 τούς
752 403 873 480 μυρίους,
894 407 975 480 αἱμα-

174 493 240 569 σιὴν
258 495 429 570 περιέβαλον
449 493 519 552 κατὰ
536 492 586 552 τὸν
609 493 710 551 κύκλον
731 493 801 570 ὕψος
816 491 976 568 ἀνήκουσαν

173 582 250 659 ἀνδρὶ
265 588 292 645 ἐς
304 583 353 642 τᾶν
367 582 507 658 ὀμφαλὸν,
522 581 625 658 ταύτην
639 582 668 639 δὲ
681 580 976 656 ποιήσαντες,·ἅλλους

175 672 347 747 ἐσεβίβαζον
362 677 389 733 ἐς
401 670 434 730 ιδ
448 671 737 747 περιοικοδομημένον·
751 670 849 746 μέχρις
864 666 896 727 οὗ
908 670 974 730 πάν-

174 785 224 820 τας
242 759 330 838 τούτῳ
344 763 382 836 τῷ
395 758 488 837 τρόπῳ
503 759 701 835 ἐξηρίθμησαν·
723 755 929 833 ἀριθμήσαντες
947 759 974 816 δὲ

176 846 245 904 κατά
269 847 347 904 ἔθνεα
368 846 527 905 διέτασσον.

128 936 163 993 61
219 937 255 991 Οἱ
276 933 306 991 δὲ
324 933 539 1010 στρατευόμενοι
560 934 616 992 οἵδε
629 932 713 1008 ἦσαν·
735 933 846 1009 Πέρσαι
858 935 909 1009 μὲν
923 930 975 992 ὧδε

177 1019 385 1098 ἐσκευασμένοι·
407 1023 471 1098 περὶ
483 1025 535 1098 μὲν
547 1027 615 1100 τῇσι
629 1026 774 1100 κεφαλῇσι
789 1020 863 1098 εἶχον
879 1019 976 1097 τιάρας

160 1111 366 1186 ,καλεομένους,
383 1111 483 1173 πίλους
496 1110 629 1192 ἀπαγέας·
650 1111 713 1186 περὶ
732 1109 761 1168 δὲ
778 1109 811 1168 τδ
833 1113 916 1186 σῶμα
937 1137 975 1168 κι-

176 1200 264 1262 θῶνας
277 1199 451 1278 χειριδωτούς
464 1200 615 1268 ποικίλους,
630 1199 742 1260 λεπίδος
761 1198 891 1274 σιδηρέης
911 1197 976 1276 ὄψιν

176 1287 350 1364 ἰχθυοειδέος·
372 1288 436 1364 περὶ
457 1288 486 1346 δὲ
506 1287 541 1346 τά
562 1288 666 1346 σκέλεα
684 1282 855 1362 ἀναξυρίδας,
871 1285 932 1346 ἀντὶ
946 1287 976 1346 δὲ

175 1375 301 1435 ἀσπίδων
325 1377 424 1456 γέρρα·
452 1374 506 1434 fior&
531 1375 568 1444 δὲ,
596 1379 783 1452 φαρετρεῶνες
810 1376 975 1451 ἐκρέμαντο·

176 1464 278 1541 αἰχμάς
299 1464 329 1522 δέ
348 1465 475 1542 βραχέας
496 1463 580 1540 εἶχον,
594 1463 663 1532 τόξα
683 1463 712 1520 δὲ
730 1462 850 1542 μεγάλα,
865 1462 977 1527 ὀϊστούς

176 1551 205 1608 δὲ
223 1552 400 1625 καλαμίνους·
421 1551 492 1627 πρὸς
505 1551 542 1619 δὲ,
558 1551 708 1630 ἐγχειρίδια
722 1549 798 1626 παρά
816 1551 866 1610 τάν
887 1551 977 1620 δεξιὸν

175 1638 264 1714 μηρὸν
286 1639 513 1714 παραιωρεύμενα
536 1643 566 1696 ἐκ
582 1643 632 1713 τῆς
651 1637 745 1714 ζώνης.
788 1639 833 1696 καὶ
855 1638 977 1719 ἄρχοντα

176 1728 342 1804 παρείχοντο
366 1724 492 1798 Ὀτάνεα,
518 1726 568 1785 τόν
591 1725 763 1804 Ἀμήστριος
787 1728 902 1803 πατέρα,
927 1733 977 1804 τῆς

176 1814 283 1889 Ξέρξεω
306 1813 443 1894 γυναικός.
485 1816 645 1894 (ἐκαλέοντο
673 1816 703 1873 δέ
730 1815 819 1873 πάλαι
846 1814 900 1874 ύπδ
925 1818 977 1892 μὲν

174 1900 318 1976 Ἑλλήνων
341 1905 483 1977 Κηφῆνες,
504 1902 558 1962 ύπᾶ
580 1904 674 1979 μέντοι
699 1904 795 1978 σφέων
820 1901 909 1962 αὐτῶν
931 1906 976 1962 καὶ

175 1994 230 2049 τῶν
250 1992 396 2068 περιοίκων
408 1989 541 2066 Ἀρταῖοι·
564 1992 622 2050 ἐπεὶ
643 1991 672 2050 δέ
691 1991 818 2067 Περσεύς
834 1990 849 2050 ὁ
865 1991 976 2067 Δανάης

175 2105 206 2138 τε
228 2079 273 2138 καὶ
296 2079 363 2142 Διδς
385 2079 499 2138 ἀπίκετο
521 2080 597 2156 παρά
619 2081 722 2155 Κηφέα
741 2079 790 2139 τὸν
807 2080 910 2154 Βήλου,
931 2082 976 2139 καὶ

177 2168 244 2247 ἐσχε
258 2167 341 2228 αύτοῦ
355 2167 406 2244 τὴν
421 2169 558 2248 θυγατέρα
570 2169 764 2245 Ἀνδρομέδην,
778 2169 883 2248 γίνεται
904 2167 976 2247 αύτῷ

176 2257 240 2320 πάϊς
263 2261 301 2336 τῷ
326 2255 431 2333 ούνομα
455 2257 532 2316 ἔθετο
559 2258 687 2332 Πέρσην·
715 2260 814 2315 τοῦτον
838 2255 867 2314 δέ
891 2255 976 2315 αύτοῦ

113 2353 117 2358 ’
177 2345 345 2413 καταλείπει,
368 2343 502 2423 ἐτύγχανε
522 2345 576 2424 γάρ
593 2343 676 2406 ἅπαις
695 2343 745 2402 ἐιδν
764 2343 779 2402 ὁ
799 2344 916 2419 Κηφεύς
935 2346 976 2421 ἐρ-

176 2457 256 2493 σενος
277 2431 369 2510 γόνου,
389 2431 435 2488 ἐπὶ
455 2432 554 2489 τούτου
573 2433 602 2490 δὲ
620 2432 671 2506 την
692 2433 846 2508 ἐπωνυμίην
868 2433 975 2512 ἔσχον.)

129 2521 166 2580 62
178 2519 272 2592 Μῆδοι
291 2517 320 2574 δέ
341 2518 392 2591 την
414 2516 500 2591 αὐτὴν
518 2518 619 2592 ταύτην
641 2520 808 2594 ἐσταλμένοι
831 2523 975 2595 ἐστρατεύ-

176 2631 249 2663 οντο·
271 2604 384 2679 Μηδικὴ
402 2604 457 2683 γάρ
477 2604 545 2680 αὕτη
564 2605 582 2679 ἦ
602 2605 689 2680 σκευή
709 2610 778 2673 ἐστι,
794 2607 839 2663 καὶ
858 2606 889 2662 ού
904 2613 975 2682 Περ-

177 2691 253 2768 σική.
296 2695 322 2750 οἱ
343 2693 372 2750 δὲ
386 2691 481 2766 Μῆδοι
495 2691 617 2770 άρχοντα
630 2697 681 2769 μὲν
694 2693 861 2769 παρείχοντο
876 2696 976 2772 Τιγρά-

176 2787 232 2855 νην,
248 2779 333 2856 ἀνδρα
345 2779 551 2858 Ἀχαιμενίδην.
586 2780 747 2860 (ἐκαλέοντο
761 2780 790 2838 δὲ
804 2779 893 2838 πάλαι
907 2782 976 2856 πρδς

175 2867 284 2927 πάντων
299 2867 401 2944 Ἀριοι·
424 2866 590 2944 ἀπικομένης
611 2869 640 2926 δὲ
660 2869 784 2944 Μηδείης
804 2873 854 2944 τῆς
869 2872 975 2948 Κολχί-

176 2957 222 3019 δος
243 2957 273 3026 ἐξ
285 2955 422 3033 Ἀθηνέων
440 2961 466 3018 ἐς
480 2956 543 3018 τούς
557 2957 666 3034 Ἀρίους
680 2957 800 3027 τούτους,
815 2959 976 3034 μετέβαλον

176 3043 316 3104 καὶοῦτοι
336 3046 368 3104 τδ
391 3043 503 3120 οὔνομα·
527 3043 606 3103 αὐτοὶ
626 3045 656 3104 δὲ
676 3047 740 3123 περὶ
755 3047 851 3122 σφέων
866 3045 916 3105 ὧδε
930 3048 975 3105 λέ-

175 3159 260 3212 γουσι
282 3133 397 3212 Μῆδοι.)
439 3133 559 3192 Κίσσιοι
581 3133 610 3192 δὲ
632 3135 847 3212 στρατευόμενοι
867 3135 903 3194 τά
924 3139 976 3210 μὲν

176 3219 253 3278 ἅλλα
272 3220 393 3297 κατάπερ
408 3221 519 3298 Πέρσαι
540 3222 717 3282 ἐσκευάδατο·
740 3223 800 3282 ἀντὶ
814 3223 843 3281 δὲ
858 3227 910 3281 τῶν
931 3223 974 3278 πί-

176 3310 241 3376 λων,
255 3309 425 3386 μιτρηφόροι
445 3307 529 3384 ἢσαν,
572 3312 702 3370 Κισσίων
720 3313 749 3370 δὲ
767 3311 836 3388 ἦρχε
849 3308 975 3382 Ἀνάφης
