2268 3536
173 133 314 198 ιιι-ιιι]
472 135 676 184 ναννικοιυι.
947 136 976 183 ω

119 275 125 284 ‚
171 216 354 292 προκειμένου
368 218 441 298 αὐτῷ
454 223 481 282 ἐς
491 218 550 293 τρὶς
561 216 695 276 ἑκάστοτε
706 219 802 276 εἰπεῖν·
816 224 835 253 “
842 215 976 287 δέσποτα,

171 305 275 380 μέμνεο
294 309 349 366 τῶν
366 304 546 384 Ἀθηναίων.”
562 305 731 379 Προστάξας
745 305 884 375 δὲταῦτα,
899 305 959 364 εἶπε
970 306 1028 364 106

172 393 298 457 καλέσας
326 400 353 457 ἐς
380 395 446 474 ὄψιν
466 395 601 454 Ἱστιαῖον
621 391 671 452 τόν
698 398 852 469 Μιλήσιον,
875 392 937 475 [τόν
963 391 979 452 ό

173 487 291 558 Δαρεῖος
310 487 421 562 κατεῖχε
434 482 538 562 χρόνον
551 480 604 558 ἤδη
617 480 750 562 πολλόν]
770 491 786 516 “
796 481 979 558 πυνθάνομαι,

171 568 295 640 Ἱστιαῖε,
305 572 456 649 ἐπίτροπον
465 570 515 631 τόν
526 569 580 629 σόν
590 573 628 648 τῷ
638 569 675 628 σι)
687 569 819 644 Μίλητον
827 569 980 646 ἐπέτρεψας

172 657 290 736 νεώτερα
309 664 337 723 ἐς
353 663 401 737 ἐμὲ
417 659 598 734 πεποιηκέναι
618 657 781 739 πρήγματα·
807 655 907 734 ἄνδρας
924 657 979 738 γάρ

172 772 222 822 μοι
236 751 265 804 ἐκ
278 751 329 822 τῆς
343 748 437 825 ἑτέρης
452 748 569 824 ἠπείρου
585 744 742 826 ἐπαγαγιδν,
758 746 804 804 καὶ
812 743 911 807 Ἴωνας
927 744 980 804 σόν

174 831 398 906 αὖτοῖσι,-τοι)ς
409 837 550 897 δώσοντας
565 835 626 910 ἐμοὶ
640 834 719 910 δίκην
728 838 783 894 τῶν
793 834 980 909 ἐποίησαν,-

172 921 286 986 τοήτους
294 923 457 1005 ἀναγνώσας
465 923 524 1001 ἅμα
535 923 664 982 ἐκείνοισι
676 922 802 993 ἕπεσθαι,
813 923 936 999 Σαρδίων
943 949 979 999 με

172 1009 356 1089 ἀπεστέρηκε
389 1018 436 1072 νῦν
454 1013 491 1072 ὧν
513 1017 565 1074 κῶς
584 1037 629 1070 τοι
649 1011 777 1084 φαίνεται
798 1006 980 1090 ταῦτα’έχειν

174 1103 277 1168 καλῶς
300 1105 352 1163 κῶς
367 1099 389 1158 δ’
403 1099 468 1160 ἄνευ
480 1105 535 1160 τῶν
556 1104 615 1158 σῶν
635 1099 837 1176 βουλευμάτων
852 1099 979 1160 τοιοῦτόν

173 1210 201 1242 τι
225 1186 364 1264 ἐπρήχθη;
390 1187 442 1264 όρα
462 1187 502 1265 μή
524 1188 555 1256 ἐξ
574 1187 693 1262 ὑστέρης
713 1187 835 1246 σεωυτόν
856 1192 885 1246 ἐν
906 1189 979 1266 αἰτίη

174 1271 274 1350 σχῇς.”
294 1273 353 1332 εἶπε
364 1275 434 1350 πρός
443 1280 532 1334 ταῦτα
545 1273 560 1333 ό
573 1274 714 1336 Ἱστιαῖος·
730 1284 747 1308 “
755 1276 889 1349 βασιλεῦ,
903 1279 980 1335 κοῖον

174 1361 315 1441 ἐφθέγξαο
326 1363 405 1431 ἐπος;
421 1365 469 1439 ἐμὲ
479 1364 639 1438 βουλεῦσαι
649 1365 775 1441 πρῆγμα,
787 1367 816 1420 ἐκ
827 1366 877 1421 τοῦ
890 1363 942 1422 σοί
951 1390 980 1424 τι

173 1445 190 1522 ἢ
203 1449 279 1531 μέγα
291 1449 309 1526 ἢ
323 1450 444 1528 σμικρόν
458 1453 560 1528 ἔμελλε
571 1449 698 1528 λυπηρὰν
708 1449 900 1529 ἀνασχήσειν;
913 1452 944 1510 τί
955 1451 978 1510 δ’

173 1535 207 1594 ἂν
226 1539 415 1615 ἐπιδιζήμενος
432 1540 554 1616 ποιέοιμι
570 1536 679 1607 ταῦτα;Ι
698 1542 746 1598 τεῦ
763 1539 793 1597 δὲ
810 1539 902 1615 ἐνδεής
919 1539 977 1612 εἀλν,

173 1629 211 1703 τῷ
224 1627 301 1704 πάρα
311 1631 362 1706 μέν
375 1628 466 1688 πάντα
477 1627 533 1688 ὅσα
547 1655 600 1704 περ
615 1628 671 1696 σοὶ,
686 1627 795 1687 πάντων
806 1627 836 1686 δέ
846 1628 916 1706 πρός
927 1630 978 1688 σέο

173 1715 376 1792 βουλευμάτων
398 1717 543 1776 ἐπακούειν
565 1716 710 1792 άξιεῦμαι;
741 1715 806 1774 ἀλλ’
829 1717 854 1774 εἴ
876 1743 929 1794 περ
951 1743 979 1777 τι
1001 1737 1007 1744 ’

173 1808 300 1864 τοιοῦτον
318 1805 377 1864 οἶον
393 1805 430 1864 σὺ
449 1807 558 1882 εἴρηκας
572 1805 697 1882 πρήσσει
711 1804 727 1864 ὁ
741 1806 807 1880 ἐμός
821 1805 977 1881 ἐπίτροπος,

174 1890 234 1951 ἴσθι
242 1891 325 1952 αυτόν
336 1892 377 1952 ἐπ’
387 1897 488 1953 ἐωυτοῦ
495 1894 679 1970 βαλλόμενον
686 1893 867 1971 πεπρηχέναι·
889 1893 979 1972 α’ρχὴν

174 1978 203 2038 δὲ
217 1981 303 2062 ἐγωγε
317 1981 379 2040 οὐδὲ
393 1983 537 2060 ἐνδέκομαι
550 1981 599 2043 τόν
612 1980 709 2062 λόγον,
721 1979 789 2044 ὅκως
799 2007 826 2039 τι
837 1981 978 2056 Μθιήσιοι

174 2068 220 2126 καὶ
234 2067 250 2128 ό
264 2069 330 2146 ἐμός
340 2071 486 2147 ἐπίτροπος
498 2070 630 2146 νεώτερον
640 2069 806 2145 πρήσσουσι
816 2070 880 2145 περὶ
890 2069 978 2150 πρήγ-

173 2183 249 2231 ματα
262 2157 298 2216 τό
311 2158 359 2216 σαί·
382 2163 406 2216 εἰ
419 2158 442 2217 δ’
456 2157 511 2234 ἄρα
528 2184 556 2216 τι
573 2160 685 2216 τοιοῦτο
699 2160 820 2219 ποιεῦσι,
836 2157 881 2213 καὶ
896 2156 932 2215 σι)
944 2157 978 2217 τό

174 2244 220 2304 ε’όν
234 2245 363 2320 α’κήκοας,
379 2245 399 2304 ὦ
413 2248 546 2321 βασιλεῦ,
561 2243 634 2321 μάθε
648 2244 705 2302 οἶον
720 2248 838 2323 πρῆγμα
854 2244 978 2324 ἐργάσαο

174 2335 223 2408 ε’μέ
236 2331 293 2391 α’πό
308 2332 459 2408 θαλάσσης
473 2332 658 2391 α’νάσπαστον
671 2330 802 2406 ποιήσας·
818 2330 911 2394 Ἴωνες
923 2333 978 2413 γάρ

174 2419 278 2488 οἴκασι,
299 2424 366 2496 ἐμεῦ
386 2420 417 2489 ἐξ
436 2419 595 2496 ὀφθαλμῶν
613 2425 669 2495 σφι
682 2419 842 2500 γενομένου,
859 2424 978 2496 ποιῆσαι

173 2511 228 2566 τῶν
240 2507 330 2566 πάλαι
350 2507 446 2586 ἵμερον
465 2509 550 2586 εἶχον·
573 2509 637 2584 ἐμέο
651 2507 674 2566 δ’
688 2507 721 2567 ἂν
740 2507 832 2571 ἐόντος
847 2515 875 2569 ἐν
888 2508 978 2589 Ἰωνίη

174 2594 288 2672 οὐδεμία
306 2596 390 2659 πόλις
405 2595 565 2672 ὖπεκίνησε·
587 2600 634 2656 νῦν
653 2596 690 2656 ὦν
705 2596 739 2660 ὦς
758 2596 844 2676 τάχος
857 2625 893 2675 με
908 2597 979 2674 ἄφες

173 2685 343 2762 πορευθῆναι
357 2690 384 2748 ἐς
396 2684 511 2761 Ἰωνίην,
529 2686 572 2745 ἵνα
592 2712 636 2745 τοι
658 2685 733 2746 κεῖνά
754 2711 785 2744 τε
803 2686 894 2746 πάντα
914 2714 977 2746 κατ-

173 2773 279 2848 αρτίσω
293 2779 320 2836 ἐς
333 2772 430 2842 τώυτό,
445 2774 491 2831 καὶ
503 2773 553 2833 τόν
567 2773 699 2850 Μιλήτου
714 2773 865 2850 ἐπίτροπον
878 2779 978 2835 τοῦτον

173 2860 223 2920 τόν
232 2865 319 2920 ταῦτα
329 2862 566 2939 μηχανησάμενον
578 2863 764 2940 ἐγχειρίθετον
774 2864 897 2940 παραδῶ·
912 2867 976 2922 ταῦ-

173 2974 210 3006 τα
230 2948 260 3006 δέ
281 2949 351 3008 κατὰ
371 2949 436 3010 νόον
455 2949 504 3010 τόν
525 2949 579 3013 σόν
595 2950 725 3025 ποιήσας,
746 2951 824 3014 θεοὺς
841 2951 978 3027 ἐπόμνυμι

174 3035 239 3098 τούς
259 3037 438 3112 βασιληίους,
451 3038 492 3114 μή
509 3041 561 3115 μὲν
578 3036 714 3115 πρότερον
736 3038 909 3097 ἐκδύσασθαι
929 3038 979 3098 τόν

176 3124 246 3202 ἔχων
266 3126 367 3184 κιθῶνα
389 3126 590 3204 καταβήσομαι
611 3131 638 3188 ἐς
657 3126 771 3198 Ἰωνίην,
793 3125 859 3202 πρὶν
880 3123 914 3183 ἅν
933 3152 978 3186 τοι

176 3212 273 3287 Σαρδώ
293 3216 382 3287 νῆσον
402 3213 453 3288 τήν
474 3215 610 3295 μεγίστην
631 3213 817 3290 δασμοφόρον
841 3213 978 3288 ποιήσω.”

174 3299 307 3362 Ἱστιαῖος
318 3302 370 3376 μὲν
384 3299 417 3376 δή
431 3303 521 3382 λέγων
533 3305 621 3361 ταῦτα
635 3301 781 3376 διέβαλλε·
797 3305 914 3377 Δαρεῖος
927 3302 957 3361 δὲ
967 3302 1023 3364 107

1071 3407 1125 3504 A
