2278 3538
157 153 267 218 υι-ιι]
484 152 636 202 omma
908 151 968 210 που

156 235 231 310 ἦσαν
247 235 278 293 δέ
288 234 342 309 ὶκαὶ
360 232 408 292 δύο
424 231 563 310 μυριάδες·
583 231 790 308 ῦπολιπόμενος
805 229 959 312 τοῦτ’ωνρῖς

155 325 272 402 χιλίους,
290 321 356 385 τοῦς
376 321 500 390 λοιποῦς,
517 319 642 397 τάφρους
664 319 839 398 ὀρυξάμενος,
864 319 956 396 ἔθαψε,

157 411 291 486 φυλλάδα
312 436 343 469 τε
365 409 510 485 ε’πιβαλολν
529 410 575 467 καὶ
594 413 649 490 γῆν
662 407 891 484 ἐπαμησάμενος,
914 408 959 467 ἵνα

155 499 196 575 μή
220 499 379 575 ὀφθείησαν
401 496 456 557 ῦπό
479 501 530 556 τοῦ
554 501 682 556 ναυτικοῦ
704 499 837 573 στρατοῦ·
872 494 907 558 ὦς
929 495 959 554 δέ

157 588 240 664 διέβη
261 593 288 650 ἐς
307 586 359 662 τήν
378 585 514 662 Ἱστιαίην
531 583 546 644 ὀ
566 584 659 662 κήρυξ,
674 584 819 664 σύλλογον
839 583 958 660 ποιησά-

156 701 238 752 μενος
250 674 355 737 παντῦς
368 679 419 734 τοῦ
436 673 628 751 στρατοπέδου
646 673 724 752 ἔλεγε
742 669 816 730 τάδε·
839 670 960 749 (ἰίνδρες

157 763 312 842 σύμμαχοι,
332 761 473 838 βασιλεῦς
492 761 599 838 Ξέρξης
618 764 656 839 τῷ
682 760 848 838 βουλομένῳ
871 759 960 836 ῦμέων

156 851 340 928 παραδίδωσι,
356 849 505 910 ἐκλιπόντα
524 849 576 924 τὴν
596 847 674 918 τάξιν
695 849 741 906 καὶ
761 847 880 907 ἐλθόντα
899 847 960 924 θεή-

157 941 265 1000 σασθαι
296 939 366 1002 ὅκως
398 938 517 1016 μάχεται
551 936 622 1014 πρός
652 937 717 998 τοῦς
744 935 875 1010 ἀνοήτους
904 940 959 995 τῶν

157 1027 316 1104 ἀνθρώπων,
335 1026 362 1086 οἳ
377 1025 504 1102 ἤλπισαν
521 1025 574 1101 τήν
589 1025 729 1101 βασιλέος
749 1023 864 1100 δύναμιν
877 1023 959 1102 ῦπερ-

156 1114 342 1190 βαλέεσθαι.”
382 1117 476 1173 Ταῦτα
503 1114 749 1193 ἐπαγγειλαμένου,
776 1111 846 1188 μετά
872 1117 960 1172 ταῦτα
969 1114 1007 1171 25

158 1202 236 1263 ου’δέν
259 1203 364 1284 ἐγίνετο
390 1203 497 1262 πλοίων
520 1199 718 1276 σπανιώτερον·
761 1199 831 1258 οὕτω
854 1201 960 1260 πολλοὶ
1019 1234 1021 1239 v

157 1291 261 1365 ἤθελον
295 1291 459 1367 θεήσεσθαι·
502 1289 744 1365 διαπεραιωθέντες
771 1289 801 1346 δὲ
828 1289 958 1363 ἐθηεῦντο

158 1379 302 1449 διεξιόντες
317 1379 382 1442 τοῦς
400 1378 520 1456 νεκρούς·
548 1376 648 1439 πάντες
669 1377 698 1434 δέ
719 1376 874 1452 ἠπιστέατο
896 1376 961 1439 τοῦς

159 1468 299 1543 κειμένους
312 1467 380 1528 εἶναι
394 1467 499 1530 πάντας
510 1465 744 1541 Λακεδαιμονίους
758 1465 804 1523 καὶ
813 1466 959 1538 Θεσπιέας,

157 1554 282 1631 ὁρέοντες
304 1555 349 1614 καὶ
372 1555 437 1618 τοῦς
459 1555 583 1616 εἵλωτας·
617 1552 650 1612 οῦ
671 1554 723 1629 μὲν
747 1552 802 1612 οόδ’
828 1552 962 1612 ἐλάνθανε

157 1641 222 1706 τοῦς
242 1643 449 1720 διαβεβηκότας
467 1643 574 1720 Ξέρξης
591 1643 678 1700 ταῦτα
696 1641 804 1717 πρήξας
817 1641 881 1717 περὶ
895 1641 960 1704 τοῦς

157 1730 270 1814 νεκροῦς
289 1731 352 1794 τοῦς
373 1734 483 1790 ἑωυτοῦ·
506 1731 551 1788 καὶ
572 1728 628 1811 γάρ
652 1729 686 1805 δή
706 1733 820 1810 γελοῖον
839 1728 884 1804 ἦν·
905 1733 959 1789 τῶν

157 1819 210 1894 μὲν
224 1819 315 1897 χίλιοι
337 1820 484 1894 ἐφαίνοντο
506 1817 597 1895 νεκροὶ
618 1817 786 1893 κείμενοι,οἱ
803 1817 840 1886 δέ,
860 1817 961 1880 πάντες

159 1907 255 1968 ἐκέατο
285 1906 366 1969 ὀλέες
400 1906 653 1986 συγκεκομισμένοι
681 1910 707 1967 ἐς
733 1903 822 1963 τιόυτό
851 1906 960 1984 χωρίον,

158 1995 292 2072 τέσσερες
317 1993 451 2073 χιλιάδες.
492 1993 595 2070 ταύτην
616 1994 667 2068 μέν
690 1992 741 2067 τήν
764 1992 870 2069 ἡμέρην
891 1993 961 2068 πρός

160 2083 226 2158 θέην
240 2081 401 2160 ἐτράποντο·
422 2081 493 2160 τῇδ’
511 2081 645 2159 ῦστεραίη
659 2083 685 2138 οἱ
702 2083 754 2156 μὲν
771 2079 920 2138 ἀπέπλωον
935 2085 962 2142 ἐς

158 2168 295 2246 Ἱστιαίην
311 2171 357 2229 ἐπὶ
373 2170 424 2233 τὰς
443 2175 518 2245 νῆας,
533 2173 559 2228 οἱ
578 2169 607 2227 δέ
626 2165 701 2244 οἷμφὶ
719 2167 825 2246 Ξέρξεα
848 2171 875 2228 ἐς
896 2165 962 2226 ὀδόν

159 2256 287 2334 ὀρμέατο.

194 2343 288 2406 Ἧκον
310 2346 341 2405 δέ
363 2351 419 2420 σφι
443 2345 596 2423 αὐτόμολοι
620 2343 715 2421 ἄνδρες
743 2342 790 2402 ἀπ’
814 2342 1009 2420 Ἀρκαδίης26

159 2431 253 2514 ὀλίγοι
265 2437 343 2503 τινὲς,
355 2436 422 2509 βίου
432 2461 462 2492 τε
474 2433 597 2510 δεόμενοι
612 2433 657 2490 καὶ
672 2432 778 2513 ἐνεργοὶ
787 2431 961 2508 βουλόμενοι

160 2521 239 2580 εἶναι·
271 2522 384 2603 ἄγοντες
408 2522 437 2580 δὲ
461 2521 575 2584 τούτους
599 2527 626 2583 ἐς
649 2519 714 2597 ὄψιν
736 2520 788 2595 τήν
814 2521 960 2596 βασιλέος,

161 2609 346 2670 ἐπυνθάνοντο
376 2613 403 2668 οἱ
437 2610 549 2686 Πέρσαι
583 2608 647 2684 περὶ
678 2612 734 2668 τῶν
760 2608 905 2684 Ἑλλήνων
927 2609 963 2668 τά

161 2699 289 2758 ποιέοιεν·
309 2698 347 2761 εἶς
360 2697 391 2756 δέ
401 2723 443 2761 τις
456 2698 511 2775 πρό
520 2697 635 2756 ’πάντων
647 2695 682 2772 ἦν
693 2696 708 2756 ό
721 2697 851 2774 εἶρωτέων
864 2695 963 2760 αῦτοῦς

159 2789 257 2844 ταῦτα·
285 2786 361 2845 οἶδέ
381 2793 437 2863 σφι
460 2788 566 2866 ἔλεγον,
584 2785 618 2848 ιῦς
638 2784 782 2862 Ὀλύμπια
800 2783 894 2866 άγοιεν
917 2786 963 2844 καὶ

160 2871 303 2950 θεωρέοιεν
322 2873 417 2955 άγιῦνα
435 2873 569 2955 γυμνικόν
590 2875 636 2932 καὶ
657 2873 780 2933 ἱππικόν·
810 2871 874 2932 ὀδέ
892 2873 962 2931 ἐπεί-

160 2985 225 3037 ρετο
248 2960 265 3021 ὅ
287 2987 315 3021 τι
334 2961 368 3022 τό
390 2961 493 3022 ἄεθλον
517 2961 559 3037 εἴη
582 2968 639 3037 σφι
663 2962 789 3038 κείμενον
813 2961 877 3036 περὶ
900 2959 963 3018 ὅτευ

160 3047 339 3129 ἀγωνίζονται
349 3075 357 3119 ;
385 3049 452 3109 οἶδ’
474 3049 553 3109 εἶπον
569 3053 620 3124 τῆς
641 3051 736 3125 ἐλαίης
750 3048 801 3109 τόν
822 3047 964 3123 διδόμενον

161 3139 314 3214 στέφανον.
365 3139 483 3198 ἐνθαῦτα
513 3138 592 3201 εἴπας
625 3136 738 3218 γνώμην
767 3134 963 3217 γενναιοτάτην

161 3227 384 3305 Τριτανταίχμης
404 3225 420 3284 ὀ
440 3223 627 3302 Ἀρταβάνου,
655 3224 761 3299 δειλίην
788 3221 868 3298 ὧφλε
893 3223 963 3299 πρός
1006 3229 1010 3240 ’

161 3309 310 3388 βασιλέος·
324 3312 529 3390 πυνθανόμενος
538 3311 634 3394 γάρτό
643 3310 746 3371 ἄεθλον
757 3309 802 3370 ἐόν
811 3309 962 3386 στέφανον’,
