2262 3534
186 149 234 198 τοι
491 143 676 196 ἫΡοΔουου
906 148 981 212 [lx.

185 231 268 287 τοῦτο
296 225 333 299 δέ,
360 224 504 305 Ἀργείους
533 224 598 287 τούς
627 224 697 301 μετὰ
725 227 911 290 Πολυνείκεος
938 229 984 288 ἐπὶ

185 315 285 390 Θήβας
313 311 478 384 ἐλάσαντας,
505 313 725 389 τελευτήσαντας
752 313 803 374 τόν
827 319 911 375 αἰῶνα
938 317 984 376 καὶ

184 403 309 478 ἀτάφους
330 403 476 476 κειμένους,
498 401 735 479 στρατευσάμενοι
757 404 802 460 ἐπὶ
821 403 892 467 τούς,
910 405 985 464 Καδ-

182 491 283 569 μείους,
304 489 454 550 ἀνελέσθαι
473 515 503 548 τε
521 490 585 552 τούς
603 489 714 566 νεκρούς
729 498 822 567 φαμεν
837 479 886 550 καὶ,
896 493 986 570 θάψαι

183 583 234 654 τῆς
253 578 387 655 ἡμετέρης
404 581 432 637 ἐν
449 577 600 638 Ἐλευσῖνι.
643 578 749 638 ἔστιδὲ
767 577 834 655 ήμῖν
856 581 937 661 ἔργον
955 581 985 641 εὖ

184 668 248 746 ἔχον
268 667 313 725 καὶ
330 671 356 728 ἐς
374 664 563 742 Ἀμαζονίδας,
580 666 631 728 τάς
651 665 707 726 άπό
725 667 922 742 Θερμώδοντος
934 694 985 728 το-

183 759 272 830 ταμοῦ
292 753 476 830 ἐσβαλούσας
494 756 557 812 κοτὲ
577 759 604 815 ἐς
620 759 675 835 γῆν
693 755 744 830 τήν
756 754 896 830 Ἀττικήν.
938 758 985 816 καὶ

184 849 213 902 ἐν
236 846 311 901 τοῖσι
334 846 483 918 Τρωϊκοῖσι
510 842 624 902 πόνοισι
647 842 773 918 οὐδαμῶν
804 843 984 920 ἐλειπόμεθα.

193 929 343 952 ’ἱῖΙ
472 931 479 952 Ι

184 935 242 988 αλλ
264 957 295 990 ου
305 955 360 1010 γαρ
371 956 398 988 τι
409 955 523 1009 προεχει
533 930 636 989 τούτων
645 931 858 1005 ἐπιμεμνῆσθαι·
874 931 985 1011 καὶγὰρ

184 1015 219 1077 ἂν
232 1019 352 1096 χρηστοὶ
366 1017 429 1077 τότε
448 1017 537 1080 ἐόντες
556 1017 637 1076 ὦύτοὶ
655 1022 703 1078 νῦν
716 1016 751 1077 ἂν
764 1019 817 1077 εἶεν
831 1018 985 1094 φλαυρότε-

183 1132 236 1184 ροι,
254 1108 300 1165 καὶ
317 1105 381 1165 τότε
400 1106 490 1169 ἐόντες
507 1111 630 1182 φλαῦροι
650 1109 697 1165 νῦν
716 1103 750 1165 ἂν
769 1106 822 1164 εἶεν
836 1105 985 1180 αἰμὶίνονες.

184 1199 312 1254 παλαιῶν
325 1195 377 1271 μέν
391 1221 438 1254 νυν
453 1196 538 1275 ἔργων
556 1193 619 1256 ἅλις
637 1195 715 1254 ἔστω.
737 1193 807 1270 ἡμῖν
820 1193 849 1253 δέ
864 1197 888 1252 εἰ
900 1193 986 1269 μηδὲν

186 1282 260 1342 άλλο
280 1284 341 1342 ἐστὶ
358 1281 584 1362 άποδεδεγμένον,
601 1282 695 1358 ὥσπερ
710 1283 772 1341 ἐστὶ
785 1279 882 1339 πολλά
896 1305 926 1338 τε
940 1282 986 1340 καὶ

185 1369 214 1430 εὖ
231 1373 330 1450 ἔχοντα
344 1375 367 1429 εί
382 1371 472 1429 τέοισι
486 1371 532 1428 καὶ
546 1370 664 1430 ἄλλοισι
677 1368 829 1444 Ἑλλήνων,
844 1367 921 1428 άλλοὶ
939 1368 986 1426 καὶ

185 1457 241 1518 άπδ
261 1464 311 1519 τοῦ
332 1465 361 1518 ἐν
381 1461 535 1536 Μαραθῶνι
556 1461 637 1539 ἔργου
657 1457 732 1528 άξιοί
751 1462 825 1533 εἰμεν
846 1459 929 1515 τοῦτο
951 1451 985 1515 τό

184 1548 268 1626 γέρας
287 1549 367 1626 ἔχειν,
390 1549 435 1606 καὶ
456 1547 532 1606 ἄλλα
552 1548 622 1624 πρός
642 1545 738 1623 τούτῳ·
768 1545 865 1606 οἵτινες
888 1547 986 1618 μοῦνοι

185 1635 330 1708 Ἑλλήνων
346 1635 379 1709 δή
394 1635 661 1713 μουνομαχήσαντες
675 1637 713 1710 τῷ
730 1633 838 1710 Πέρσῃ,
854 1632 900 1688 καὶ
916 1633 986 1712 ἔργῳ

184 1721 310 1800 τοσούτῳ
329 1721 562 1800 ἐπιχειρήσαντες,
586 1719 807 1801 περιεγενόμεθα,
832 1719 878 1777 καὶ
900 1719 986 1794 ἐνική·

185 1835 276 1886 σαμεν
297 1809 376 1868 ἔθνεα
400 1810 431 1879 ἐξ
454 1835 485 1869 τε
509 1810 554 1869 καὶ
576 1808 792 1886 τεσσεράκοντα.
821 1805 864 1884 ἆρ’
888 1806 920 1866 ού
947 1808 984 1866 δί-

186 1898 261 1957 καιοί
293 1901 368 1975 εἶμεν
394 1899 466 1976 ἔχειν
492 1898 596 1974 ταύτην
622 1897 673 1972 τήν
699 1896 778 1966 τάξιν
804 1894 859 1956 άπδ
885 1895 985 1956 τούτου

184 1986 287 2064 μούνου
315 1990 364 2046 τοῦ
394 1987 487 2063 ἔργου;
523 1985 588 2046 ἀλλ’
618 1985 649 2044 οὗ
678 1985 733 2066 γάρ
764 1988 792 2044 ἐν
820 1987 858 2062 τῷ
889 1984 985 2062 τοιῷδε

185 2073 278 2144 τάξιος
299 2075 387 2134 εἵνεκα
409 2075 571 2146 στασιάζειν
591 2075 698 2149 πρέπει,
719 2071 811 2148 ἄρτιοί
830 2075 904 2147 εἶμεν
927 2073 985 2131 πεί-

186 2165 286 2223 θεσθαι
303 2161 376 2239 ύμῖν,
392 2162 412 2221 ὦ
430 2163 650 2240 Λακεδαιμόνιοι,
668 2162 711 2220 ἵνα
730 2162 817 2220 δοκέει
842 2160 985 2234 ἐπιτηδειό-

185 2277 268 2310 τατον
281 2251 369 2327 ήμέας
383 2251 451 2311 εἶναι
464 2251 586 2319 ἑστάναι,
603 2252 647 2308 καὶ
662 2249 720 2308 κατ’
736 2249 873 2312 οὕστινας·
894 2247 985 2325 πάντη

185 2339 239 2418 γάρ
261 2340 424 2418 τεταγμένοι
447 2339 639 2416 πειρησόμεθα
664 2337 732 2396 εἶναι
753 2337 882 2415 χρηστοί.
925 2337 984 2412 ἐξη-

184 2427 284 2506 γέεσθε
303 2426 333 2484 δὲ
352 2426 386 2489 αἰς
404 2425 603 2502 πεισομένων.”
617 2429 643 2484 οἱ
656 2428 707 2500 μὲν
719 2428 808 2484 ταῦτα
822 2422 984 2501 ἀμείβοντο·

185 2513 409 2588 Λακεδαιμονίων
431 2515 459 2572 δὲ
485 2513 613 2590 ἀνέβωσε
635 2512 709 2572 άπαν
734 2512 767 2572 τό
795 2511 984 2588 στρατόπεδον

185 2598 349 2674 Ἀθηναίους
362 2599 579 2677 ἀξιονικοτέρους
597 2601 665 2660 εἶναι
682 2601 753 2679 ἔχειν
771 2600 805 2659 τό
819 2600 900 2675 κέρας
912 2598 984 2678 ἤπερ

184 2685 329 2762 Ἀρκάδας.
372 2687 441 2746 οὕτω
462 2689 495 2764 δή
515 2691 601 2768 ἔσχον
617 2692 643 2748 οἱ
658 2687 810 2764 Ἀθηναῖοι,
825 2686 871 2746 καὶ
887 2686 984 2766 ύπερε·

185 2775 310 2851 βάλοντο
323 2775 387 2838 τούς
400 2776 546 2856 Τεγεήτας.

138 2865 176 2923 28
225 2862 307 2922 Μετά
328 2863 357 2922 δὲ
377 2869 471 2934 ταῦτα,
494 2864 650 2924 ἐτάσσοντο
669 2859 722 2922 ὧδε
742 2866 769 2924 οἱ
789 2864 985 2937 ἐπιφοιτῶντές

187 2977 217 3011 τε
239 2953 284 3010 καὶ
305 2955 332 3010 οἱ
350 2949 440 3029 άρχήν
457 2951 584 3014 ἐλθόντες
601 2951 754 3028 Ἑλλήνων·
774 2950 808 3010 τά
825 2953 877 3027 μὲν
894 2949 984 3020 δεξιόν

186 3041 266 3115 κέρας
284 3039 360 3117 εἶχον
380 3038 603 3114 Λακεδαιμονίων
623 3037 726 3116 μύριοι·
746 3037 850 3098 τούτων
870 3037 900 3098 δὲ
920 3037 985 3100 τούς

186 3128 435 3205 πεντακισχιλίους,
470 3125 563 3188 ἐόντας
596 3126 780 3202 Σπαρτιήτας,
814 3125 984 3202 ἐφύλασσον

186 3215 264 3289 ψιλοὶ
284 3219 338 3272 τιῖν
357 3214 489 3272 εἱλωτέων
505 3214 728 3291 πεντακισχίλιοι
749 3213 795 3271 καὶ
814 3212 982 3290 τρισμύριοι,

185 3301 248 3374 περὶ
269 3299 356 3376 ἄνδρα
377 3301 495 3360 ἕκαστον
522 3301 591 3358 ἔπτὰ
614 3301 785 3379 τεταγμένοι.
825 3301 983 3378 προσεχέας
