2278 3538
183 144 230 192 τοι
487 137 670 194 Ἠνοιουοτ
890 139 981 204 [vm.

182 235 288 299 γοντα·Δ
303 216 410 280 ἰδόντας
428 215 458 276 δὲ
478 215 543 280 τοῦς
561 217 725 293 Κορινθίους
739 215 792 292 τῆν
809 224 985 299 στρατηγίδα

184 305 354 386 φεύγουσαν,
367 303 496 367 ὦσαύτως
510 305 647 383 οἴχεσθαι·
669 303 705 367 ὥς
718 305 747 363 δὲ
761 303 815 381 ἀρα
829 305 985 386 φεύγοντας

182 395 312 475 γίνεσθαι
335 397 385 469 τῆς
408 393 580 469 Σαλαμινίης
605 392 674 454 κατά
697 392 729 452 τό
753 392 812 470 ἱρόν
835 391 985 470 Ἀθηναίης

184 482 327 560 Σκιράδος,
341 483 514 560 περιπίπτειν
528 488 584 558 σφι
598 482 702 558 κέλητα
716 481 776 559 θείη
794 487 905 560 πομπῇ·
933 482 984 544 τάν

184 571 247 632 οὔτε
260 573 410 649 πέμψαντα
423 573 545 647 φανῆναι
562 569 666 639 οὐδένα,
681 568 744 630 οὔτε
757 596 784 629 τι
796 574 851 629 τῶν
864 569 921 630 ἀπδ
934 575 984 646 τῆς

184 664 318 737 στρατιῆς
338 659 426 719 εἰδόσι
451 659 667 736 προσφέρεσθαι
693 663 769 718 τοῖσι
795 659 984 734 Κορινθίοισι·

183 748 249 826 τῇδε
270 748 299 806 δὲ
319 747 538 824 συμβάλλονται
559 747 627 807 εἶναι
648 749 723 806 θεῖον
742 746 775 806 τό
795 751 922 828 πρῆγμα·
949 748 985 812 ὦς

183 837 238 916 γάρ
252 835 342 916 ἀγχοῦ
355 837 487 916 γενέσθαι
499 840 554 896 τῶν
566 840 638 911 νηόν
648 835 712 898 τούς
726 835 781 895 ἀπὸ
795 839 844 896 τοῦ
858 837 984 911 κέλητος,

184 925 277 1003 λέγειν
297 924 371 984 τάδε·
393 935 410 959 “
418 923 588 1002 Ἀδείμαντε,
603 924 640 982 σύ
660 927 712 1000 μὲν
732 923 914 1001 ἀποστρέψας
934 923 985 988 τάς

185 1015 257 1085 ναῦς,
271 1018 298 1076 ἐς
309 1012 402 1093 φυγῆν
417 1011 545 1089 ὥρμησαι
559 1011 748 1088 καταπροδούς
757 1012 821 1074 τούς
829 1011 983 1086 Ἕλληνας·

185 1102 212 1158 οἶ
231 1101 260 1159 δὲ
274 1101 320 1159 καὶ
333 1101 366 1176 δῆ
382 1105 486 1169 νικῶσι,
501 1099 571 1160 ὅσον
585 1099 664 1160 αύτοὶ
676 1099 783 1176 ῆρῶντο
798 1104 984 1177 ἐπικρατῆσαι

184 1192 240 1248 τῶν
260 1187 391 1268 ἐχθρῶν·”
424 1193 511 1248 ταῦτα
532 1188 669 1268 λεγόντων
695 1187 838 1248 ἀπιστέειν
856 1187 913 1269 γάρ
936 1188 984 1248 τάν

184 1275 372 1354 Ἀδείμαντον,
387 1276 464 1340 αὖτις
476 1276 540 1336 τάδε
559 1277 659 1356 λέγειν,
674 1275 709 1339 ὦς
723 1276 801 1336 αὐτοὶ
819 1276 917 1336 οἷοίτε
931 1276 985 1336 εἶεν

185 1363 318 1445 ἀγόμενοι
336 1365 436 1442 ὅμηροι
454 1363 650 1440 ἀποθνήσκειν,
665 1362 699 1440 ἢν
717 1363 757 1440 μῆ
775 1367 900 1428 νικῶντες
920 1366 984 1440 φαί-

185 1479 283 1512 νωνται
307 1457 333 1513 οἱ
354 1452 502 1530 Ἕλληνες·
544 1451 614 1512 οὕτω
639 1450 673 1527 δῆ
697 1451 914 1530 ἀποστρέψαντα
933 1452 985 1528 τῆν

188 1545 241 1616 νῆα
262 1541 346 1602 αύτόν
366 1567 397 1600 τε
417 1541 462 1600 καὶ
480 1540 545 1604 τούς
562 1539 675 1612 ἀλλους,
698 1539 740 1598 ἐπ’
756 1541 984 1620 ἐξεργασμένοισι

186 1629 279 1688 ἐλθεῖν
305 1633 332 1691 ἐς
358 1627 391 1687 τά
416 1627 614 1704 στρατόπεδον.
658 1627 772 1690 τούτους
797 1630 849 1704 μὲν
870 1627 985 1705 τοιαύτη

186 1715 270 1791 φάτις
296 1717 353 1794 ἔχει
380 1715 434 1776 ύπδ
461 1715 623 1790 Ἀθηναίων·
665 1713 698 1774 ού
723 1715 819 1792 μέντοι
846 1715 928 1775 αύτοί
951 1743 985 1797 γε

187 1805 331 1879 Κορίνθιοι
358 1803 555 1884 ὁμολογέουσι,
583 1803 648 1864 ἀλλ’
676 1809 705 1864 ἐν
730 1803 867 1881 πρώτοισι
893 1806 985 1880 σφέας

186 1891 286 1956 αύτούς
298 1897 349 1969 τῆς
362 1893 516 1970 ναυμαχίης
531 1893 676 1969 νομίζουσι
691 1892 831 1973 γενέσθαι·
852 1897 987 1970 μαρτυρεῖ

143 2001 147 2010 ’
186 1981 217 2041 δέ
229 1987 284 2057 σφι
298 1979 592 2058 καὶῆάλληἙλλάς.

139 2073 177 2131 95
189 2137 192 2140 ,
226 2069 399 2148 Ἀριστείδης
415 2067 474 2129 δέἀ
490 2067 666 2148 Λυσιμάχου,
682 2067 753 2146 ἀνῆρ
766 2067 921 2144 Ἀθηναῖος,
934 2073 985 2130 τοῦ

189 2159 234 2218 καὶ
247 2157 334 2240 ὀλίγῳ
343 2185 371 2218 τι
381 2157 517 2236 πρότερον
529 2156 633 2216 τούτων
647 2155 825 2233 ἐπεμνήσθην
839 2155 874 2219 οἷς
887 2155 985 2234 ἀνδρός

186 2247 310 2324 ἀρίστου,
327 2246 406 2310 οὗτος
424 2251 453 2304 ἐν
470 2249 508 2323 τῷ
525 2245 636 2324 θορύβῳ
655 2243 742 2324 τούτῳ
759 2249 797 2322 τῷ
812 2244 876 2320 περὶ
892 2246 985 2308 Σαλα-

186 2341 253 2413 μῖνα
279 2335 415 2416 γενομένῳ
442 2332 507 2392 τάδε
528 2333 626 2392 ἐποίεε·
660 2332 836 2410 παραλαβιδν
859 2334 986 2398 πολλούς

186 2429 241 2483 τῶν
253 2423 390 2482 ἀπλιτέων
406 2421 432 2482 οἳ
447 2420 660 2498 παρατετάχατο
677 2419 754 2497 παρά
769 2420 820 2496 τῆν
837 2420 924 2496 ἀκτῆν
935 2426 986 2497 τῆς

187 2511 358 2587 Σαλαμινίης
378 2508 477 2588 χώρης,
505 2509 584 2588 γένος
605 2508 694 2572 ἐόντες
713 2507 865 2584 Ἀθηναῖοι,
887 2514 914 2571 ἐς
934 2509 986 2584 τῆν

186 2599 359 2658 Ψυττάλειαν
375 2602 463 2672 νῆσον
484 2595 614 2672 ἀπέβησε
635 2596 717 2678 ἄγων,
738 2596 764 2656 οἳ
784 2596 849 2660 τούς
870 2597 986 2674 Πέρσας

185 2687 249 2750 τούς
263 2692 292 2746 ἐν
306 2690 341 2764 τῆ
355 2685 447 2761 νησίδι
460 2684 546 2764 ταύτῃ
561 2685 768 2762 κατεφόνευσαν
780 2684 895 2748 πάντας.

140 2779 177 2838 96
226 2775 274 2838 Ὡς
297 2774 327 2832 δὲ
353 2773 372 2850 ῆ
393 2774 532 2852 ναυμαχίη
553 2773 705 2842 διελέλυτο,
728 2773 939 2849 κατειρύσαντες
959 2779 987 2836 ἐς

185 2864 237 2940 τῆν
251 2866 398 2939 Σαλαμῖνα
412 2865 439 2922 οἱ
452 2861 591 2938 Ἕλληνες
606 2866 660 2920 τῶν
677 2863 812 2942 ναυηγίων
830 2861 886 2922 ὅσα
899 2861 986 2941 ταύτῃ

188 2951 320 3033 ἐτύγχανε
331 2951 371 3010 ἔτι
381 2951 469 3019 ἐόντα,
482 2953 586 3024 ἑτοῖμοι
596 2948 670 3024 ἦσαν
681 2955 708 3012 ἐς
718 2949 810 3024 ἀλλην
820 2951 984 3036 ναυμῳχίην,

148 3059 150 3066 ’
188 3042 345 3110 ἐλπίζοντες
367 3043 435 3117 τῆσι
461 3035 642 3114 περιεούσῃσι
663 3038 745 3111 νηυσὶ
766 3039 806 3095 ἔτι
826 3037 987 3116 χρήσεσθαι

187 3126 322 3200 βασιλέα·
343 3129 397 3184 τῶν
411 3125 440 3183 δὲ
453 3123 589 3201 ναυηγίων
602 3124 698 3182 πολλά
715 3123 871 3200 ύπολαβάν
887 3125 988 3201 ἀνεμος

188 3212 314 3288 ζέφυρος,
342 3214 424 3287 ἔφερε
449 3215 498 3284 τῆς
525 3207 653 3284 Ἀττικῆς
680 3212 725 3268 ἐπὶ
752 3212 803 3286 τῆν
830 3209 910 3287 ἠϊόνα
934 3213 988 3287 τῆν

189 3299 360 3373 καλεομένην
371 3296 514 3358 Κωλιάδα·
528 3295 601 3356 ὥστε
611 3295 780 3372 ἀποπλῆσαι
792 3297 842 3358 τόν
851 3301 988 3378 χρησμάν
