2268 3536
148 149 255 212 38—42]
495 151 607 199 EPATss.
914 154 945 204 73

146 228 262 304 βόσκων
282 229 450 305 ἐπικούρους,
472 229 517 288 καὶ
539 232 637 310 γαμέει
652 231 773 310 Ὀλόρου
791 237 842 292 τοῦ
860 233 944 310 Θρηί-

147 343 201 376 κων
215 317 354 392 βασιλέος
370 319 507 398 θυγατέρα
520 318 729 400 Ἡγησιπύλην.
772 319 864 384 Οὗτος
878 321 907 380 δὲ
928 321 993 381 ό40

148 405 277 480 Κίμωνος
300 405 458 482 Μιλτιάδης
484 408 584 466 νεωστὶ
611 411 662 483 μὲν
686 409 819 484 ἐληλύθεε
844 415 871 472 ἐς
894 409 945 484 τήν

147 493 340 570 Χερσόνησον,
355 494 551 572 κατελάμβανε
565 495 596 554 δέ
607 523 656 572 μιν
670 496 789 556 ἐλθόντα
803 496 879 555 ἄλλα
892 503 947 558 τῶν

147 581 319 660 κατεχόντων
332 583 502 658 τμη-’μάτων
515 584 707 662 χαλεπώτερα·
723 588 815 664 (τρίτῳ
828 588 880 662 μὲν
892 585 947 666 γάρ

148 671 202 730 ἔτεϊ
218 669 321 731 τούτων
337 675 444 736 Σκύθας
465 674 573 754 ἔφευγε·
596 673 700 736 Σκύθαι
720 673 775 754 γάρ
791 677 817 732 οἱ
831 673 947 750 νομάδες

148 759 335 836 ἐρεθισθέντες
348 759 402 818 ύπδ
416 761 554 836 βασιλέος
565 763 684 838 Δαρείου
698 761 947 838 συνεστράφησαν,

148 847 194 905 καὶ
212 846 325 922 ἤλασαν
338 849 422 927 μέχρι
434 853 484 924 τῆς
498 849 683 926 Χερσονήσου
702 849 812 926 ταύτης·
833 849 947 912 τούτους

148 935 275 999 ἐπιόντας
299 935 348 996 ούκ
371 936 521 1014 ύπομείνος
545 937 560 996 ό
584 938 743 1014 Μιλτιάδης
767 940 867 1018 ἔφευγε
891 936 947 996 α’πὸ

149 1024 342 1099 Χερσονήσου,
358 1029 386 1088 ἐς
404 1024 420 1084 ὃ
436 1026 465 1083 οἵ
478 1051 509 1085 τε
527 1025 631 1090 Σκύθαι
651 1025 880 1104 ἀπαλλάχθησαν
901 1027 950 1084 καί

150 1136 197 1184 μιν
212 1115 238 1168 οϊ
252 1112 395 1192 Δόλογκοι
411 1113 570 1194 κατήγαγον
586 1113 698 1193 ὀπίσω)
737 1118 831 1172 Ταῦτα
847 1117 897 1190 μὲν
914 1113 992 1189 δή41

151 1198 233 1276 τρίτῳ
247 1199 300 1256 ἔτεϊ
313 1199 448 1276 πρότερον
462 1201 586 1280 ἐγεγόνεε
599 1205 654 1260 τῶν
670 1201 734 1260 τότε
752 1227 800 1277 μιν
819 1201 947 1279 κατεχόν-

151 1311 214 1344 των·
234 1285 298 1344 τότε
320 1286 349 1344 δὲ
370 1287 574 1363 πυνθανόμενος
596 1289 665 1346 εἶναι
685 1289 750 1350 τούς
771 1290 899 1351 Φοίνικας
921 1294 949 1347 ἐν

151 1375 263 1454 Τενέδῳ,
286 1374 439 1451 πληρώσας
461 1374 588 1452 τριήρεας
611 1378 693 1434 πέντε
720 1375 869 1454 χρημάτων
895 1381 950 1436 τῶν
991 1371 997 1382 ἐ

151 1463 308 1540 παρεόντων
332 1463 455 1522 ἀπέπλεε
483 1469 510 1531 ἐς
536 1463 586 1528 τοὶς
612 1463 740 1540 Ἀθήνας.
784 1464 829 1522 καὶ
854 1463 948 1542 ὥσπερ

152 1551 266 1628 οϊρμήθη
288 1557 318 1610 ἐκ
332 1552 455 1628 Καρδίης
467 1552 575 1623 πόλιος,
591 1555 672 1612 ἔπλεε
690 1552 735 1611 διά
753 1557 803 1612 τοῦ
817 1555 950 1616 Μέλανος

153 1640 268 1700 κόλπου·
293 1640 485 1718 παραμείβετό
508 1667 540 1700 τε
562 1641 615 1717 τήν
637 1640 823 1719 Χερσόνησον
851 1644 895 1701 καὶ
923 1647 949 1702 οἱ

152 1730 274 1792 Φοίνικές
288 1733 314 1788 οἱ
327 1729 526 1806 περιπίπτουσι
538 1735 606 1809 τῇσι
621 1731 711 1806 νηυσί.
754 1731 836 1793 αὐτός
848 1733 900 1807 μὲν
914 1730 948 1806 δή

153 1817 309 1893 Μιλτιάδης
322 1815 376 1876 σύν
389 1819 610 1896 τῇσιτέσσαρσι
628 1823 683 1878 τῶν
699 1823 766 1879 νεῶν
781 1819 949 1899 καταφεύγει

153 1910 181 1968 ἐς
192 1903 322 1982 Ἴμβρον,
340 1905 392 1980 τήν
414 1906 445 1964 δέ
466 1909 492 1964 οϊ
510 1908 640 1984 πέμπτην
659 1911 714 1967 τῶν
735 1912 803 1968 νεῶν
822 1911 949 1966 κατεῖλον

154 1992 294 2056 διώκοντές
316 1997 342 2052 οἱ
363 1995 494 2057 Φοίνικες.
536 2001 586 2070 τῆς
610 1995 640 2054 δέ
663 1995 723 2058 νεδς
746 1995 847 2070 ταύτης
872 1996 950 2072 ἔτυχε

153 2087 207 2142 τῶν
220 2083 380 2141 Μιλτιάδεω
399 2083 503 2143 παίδων
525 2082 540 2142 ό
560 2083 759 2160 πρεσβύτατος
777 2083 869 2160 α”ρχων
889 2089 950 2156 Μη-

153 2171 253 2249 τίοχος,
269 2169 318 2228 ούκ
335 2175 365 2228 ἐκ
383 2175 433 2246 τῆς
445 2169 568 2246 Ὀλόρου
588 2175 639 2229 τοῦ
656 2170 775 2246 Θρήϊκας
796 2169 847 2228 ἐών
869 2171 951 2247 θυγα-

153 2259 217 2334 τρός
229 2257 294 2317 ἀλλ’
309 2259 339 2326 ἐξ
352 2257 451 2332 ἄλλης·
474 2258 519 2315 καὶ
532 2261 631 2316 τοῦτον
645 2255 703 2332 ἅμα
716 2261 752 2334 τῇ
767 2257 811 2330 νηίΙ
829 2257 904 2315 εἶλον
926 2260 952 2315 οἱ

154 2348 284 2417 Φοίνικες,
300 2347 348 2404 καί
363 2371 411 2422 μιν
429 2343 581 2420 πυθόμενοι
599 2343 633 2406 ὦς
652 2345 693 2419 εἴη
707 2344 867 2402 Μιλτιάδεω
886 2347 951 2408 παῖς

154 2434 295 2516 άνήγαγον
310 2433 386 2511 παρά
400 2433 535 2509 βασιλέα,
550 2433 690 2495 δοκέοντες
708 2432 809 2512 χάριτα
825 2433 952 2514 μεγάλην

155 2523 374 2600 καταθήσεσθαι·
395 2521 438 2582 ὅτι
452 2521 486 2596 δή
500 2521 657 2597 Μιλτιάδης
669 2521 781 2603 γνώμην
799 2522 951 2592 ἀπεδέξατο

155 2617 183 2671 ἐν
196 2617 272 2671 τοῖσι
281 2610 361 2670 Ἰωσι
374 2611 521 2670 πείθεσθαι
536 2609 653 2669 κελεύων
666 2614 743 2669 τοῖσι
757 2611 891 2690 Σκύθησι,
906 2611 952 2670 ὅτε

154 2704 181 2759 οϊ
194 2699 300 2764 Σκύθαι
318 2699 505 2774 προσεδέοντο
524 2698 667 2761 λύσαντας
686 2698 737 2774 τήν
754 2701 869 2778 σχεδίην
883 2699 951 2758 οἶτο-

153 2790 249 2848 πλέειν
268 2792 296 2850 ἐς
312 2787 364 2863 τήν
381 2791 494 2846 ἑωυτῶν.
537 2791 655 2863 Δαρεῖος
676 2787 713 2856 δὲ,
729 2786 763 2850 ὦς
785 2792 810 2846 οἱ
829 2789 952 2849 Φοίνικες

155 2878 302 2954 Μητίοχον
319 2875 367 2934 τόν
386 2875 545 2934 Μιλτιάδεω
563 2874 712 2956 ἀνήγαγον,
735 2879 849 2951 ἐποίησε
869 2875 953 2934 κακόν

154 2967 205 3041 μὲν
219 2963 297 3024 οὐδὲν
311 2965 458 3042 Μητίοχον
472 2962 565 3043 ἀγαθά
580 2963 608 3021 δὲ
622 2963 723 3042 συχνοί·
746 2964 859 3040 καὶγὰρ
877 2963 953 3021 οἶκον

155 3053 199 3112 καὶ
223 3057 323 3128 κτῆσιν
344 3051 425 3110 ἔδωκε
447 3053 493 3110 καὶ
514 3051 641 3128 Περσίδα
659 3055 783 3132 γυναῖκα,
805 3055 834 3107 ἐκ
856 3055 905 3124 τῆς
926 3052 952 3107 οἱ

155 3143 237 3200 τέκνα
250 3141 358 3221 ἐγένετο
371 3139 407 3198 τά
421 3145 449 3202 ἐς
462 3141 577 3216 Πέρσας
597 3139 791 3215 κεκοσμέαται.
833 3136 952 3196 Μιλτιά·

155 3229 204 3305 δης
217 3229 247 3287 δέ
260 3229 291 3298 ἐξ
297 3227 421 3304 Ἴμβρου
435 3227 591 3287 ἀπικνέεται
605 3233 632 3288 ἐς
646 3227 695 3287 τοϊς
708 3224 836 3298 Ἀθήνας.

197 3317 255 3374 Καὶ
277 3315 347 3374 κατά
365 3315 398 3375 τό
418 3317 477 3377 ἔτος
494 3319 578 3374 τοῦτο
597 3320 627 3371 ἐκ
646 3317 702 3372 τῶν
721 3311 855 3386 Περσέων
875 3311 1000 3371 ούδέν42
