2278 3538
167 165 215 212 ιιι
475 161 658 212 ἨΡοΔουου
827 149 831 156 ’
877 151 964 224 [ms.

167 240 302 319 στρατιήν
323 240 439 317 διέκρινε,
461 243 507 302 καὶ
529 243 635 319 Ξέρξης
654 241 689 318 ἦν
708 241 772 320 περὶ
793 242 967 316 Θεσσαλίην,

166 329 338 408 χρηστήριον
360 329 494 405 ἐληλύθεε
518 336 547 388 ἐκ
570 335 693 406 Δελφῶν
713 331 966 408 Λακεδαιμονίοισι,

168 419 273 495 Ξέρξεα
293 420 392 478 αἰτέειν
416 418 492 481 δίκας
515 423 564 476 τοῦ
586 419 725 477 Λεωνίδεω
746 419 843 494 φόνου,
866 422 911 479 καὶ
934 422 967 482 τό

168 506 310 584 διδόμενον
324 509 355 576 ἐξ
368 512 471 567 ἐκεῖνου
489 507 628 566 δέκεσθαι·
643 508 792 584 ,πέμπουσι
811 507 844 583 δὴ
864 509 968 585 κήρυκα

169 595 221 668 τήν
230 597 368 676 ταχίστην
378 598 562 673 Σπαρτιῆται·
573 595 604 658 ὃς
613 596 706 671 ἐπειδὴ
716 596 857 672 κατέλαβε
867 602 970 656 ἐοῦσαν

169 685 209 744 ἔτι
223 689 320 745 πᾶσαν
331 685 383 760 τὴν
397 684 532 761 στρατιήν
546 690 575 744 ἐν
588 686 745 763 Θεσσαλίη,
761 684 850 744 ἐλθιδν
864 690 891 748 ἐς
903 685 969 764 ὄψιν

168 772 220 848 τήν
238 774 346 850 Ξέρξεω
365 775 444 853 ἐλεγε
461 771 536 832 τάδε·
558 771 605 830 “u's
618 774 742 848 βασιλεῦ
756 773 868 848 Μήδων,
881 781 968 833 Λακε-

170 859 309 938 δαιμόνιοί
326 862 359 920 τέ
378 886 413 919 σε
434 860 479 918 καὶ
502 860 683 937 Ἡρακλεῖδαι
708 864 734 919 οί
758 860 813 920 α’πό
839 861 970 938 Σπάρτης

170 952 294 1009 αἰτέουσι
311 949 401 1025 φόνου
420 950 503 1022 δίκας,
519 949 562 1010 ὅτι
576 950 672 1025 σφέων
690 948 741 1008 τόν
758 950 885 1024 βασιλέα
903 948 968 1008 α’πέ-

170 1062 276 1100 κτεινας
289 1037 424 1116 ῥυόμενον
436 1037 488 1113 τὴν
497 1037 648 1096 Ἑλλάδα·”
669 1036 684 1096 ό
698 1037 728 1096 δὲ
737 1036 863 1118 γελάσας
876 1063 906 1095 τε
925 1040 971 1096 καὶ

171 1126 322 1206 κατασχόν
331 1127 442 1187 πολλόν
452 1125 561 1205 χρόνον,
577 1125 613 1188 ὥς
626 1129 653 1184 οἱ
666 1125 800 1206 ἐτύγχανε
812 1124 972 1202 παρεστεολς

171 1215 337 1292 Μαρδόνιος,
360 1214 463 1278 δεικνύς
489 1219 517 1277 ἐς
540 1218 639 1274 τοῦτον
663 1213 733 1272 εἶπε·
765 1223 782 1248 “
791 1213 888 1294 τοιγάρ
915 1220 972 1290 σφι

171 1303 330 1380 Μαρδόνιος
350 1303 397 1364 ὅδε
417 1305 493 1366 δίκας
513 1301 596 1362 δύσει
614 1300 743 1364 τοιαύτας
763 1301 822 1364 οἶας
841 1303 971 1362 ἐκείνοισι

171 1391 295 1467 πρέπει·”
316 1392 332 1452 ό
345 1395 397 1470 μέν
408 1392 441 1468 δη
452 1391 598 1468 δεξάμενος
610 1391 644 1449 τό
657 1391 740 1467 ῥηθὲν
755 1388 971 1450 ἀπαλλάσσετο·

126 1480 181 1538 115
192 1481 296 1558 Ξέρξης
304 1482 334 1540 δέ
345 1480 504 1558 Μαρδόνιον
513 1487 541 1542 ἐν
550 1480 698 1556 Θεσσαλίη
710 1477 877 1552 καταλιπων,
891 1478 972 1544 αύτδς

173 1569 319 1644 ἐπορεύετο
343 1569 414 1628 κατά
441 1569 527 1648 τάχος
549 1574 577 1632 ἐς
599 1569 649 1627 τόν
669 1564 894 1642 Ἑλλήσποντον·
927 1570 973 1626 καὶ

172 1653 329 1716 ἀπικνέεται
347 1662 374 1720 ἐς
390 1657 439 1717 τόν
456 1657 544 1734 πόρον
559 1660 610 1732 τῆς
626 1655 776 1731 διαβάσιος
790 1660 818 1714 έν
832 1660 913 1715 πέντε
927 1657 972 1714 καὶ

171 1743 379 1821 τεσσεράκοντα
398 1746 528 1826 ἡμέρῃσι,
547 1741 662 1827 ἀπάγων
679 1748 729 1819 τῆς
749 1749 882 1822 στρατιῆς
896 1744 974 1806 α’ύδέν

171 1834 263 1909 μέρος,
279 1833 314 1897 ιός
328 1838 422 1895 εἰπεῖν.
464 1835 530 1895 ὅκου
544 1835 573 1894 δὲ
586 1834 768 1913 πορευόμενοι
780 1834 913 1914 γινοίατο,
928 1833 974 1892 καὶ

173 1922 232 1982 κατ’
246 1921 376 1986 οὕστινας
392 1923 561 2001 ἀνθρώπους,
575 1923 625 1982 τόν
639 1921 743 1982 τούτων
763 1919 869 1996 καρπόν
887 1919 973 1999 ἀρπά-

173 2010 265 2082 ζοντες
283 2013 433 2074 ἐσιτέοντο·
456 2017 479 2072 εί
493 2013 523 2071 δέ
537 2011 644 2089 καρπόν
659 2012 764 2090 μηδένα
779 2009 891 2086 εὕροιεν,
905 2013 931 2069 οἶ
945 2010 974 2069 δὲ

173 2099 224 2175 τήν
237 2103 321 2178 ποίην
333 2101 384 2177 τήν
398 2108 428 2161 ἐκ
440 2105 490 2178 τῆς
503 2105 555 2182 γῆς
568 2099 764 2176 ἀναφυομένην
783 2099 828 2156 καὶ
846 2101 901 2158 τῶν
919 2098 973 2156 δεν-

174 2187 258 2264 δρέων
271 2190 320 2250 τόν
334 2191 437 2264 φλοιόν
452 2191 657 2267 περιλέποντες,
672 2189 717 2246 καὶ
731 2187 766 2246 τά
781 2185 880 2261 φύλλα
894 2211 974 2244 κατα-

174 2276 320 2352 δρέποντες
338 2278 498 2353 κατήσθιον,
513 2277 614 2354 όμοίως
628 2280 683 2335 τῶν
695 2301 726 2335 τε
740 2275 848 2352 ἡμέρων
863 2276 974 2336 καὶτῶν

175 2361 286 2445 ἀγρίων·
315 2366 361 2423 καὶ
383 2365 494 2424 ἔλειπον
515 2364 604 2424 οὐδέν·
632 2369 721 2423 ταῦτα
743 2362 766 2420 δ’
789 2364 898 2422 ἐποίευν
920 2361 975 2422 ύπδ

177 2455 272 2527 λιμοῦ·
301 2451 445 2528 ἐπιλαβόν
472 2453 502 2511 δὲ
529 2452 628 2528 λοιμός
654 2479 685 2512 τε
711 2452 760 2512 τόν
785 2451 907 2527 στρατόν
931 2452 976 2509 καὶ

176 2539 343 2616 δυσεντερίη,
359 2539 417 2600 κατ’
431 2537 498 2600 ὁδόν
516 2541 664 2617 διέφθειρε·
686 2539 751 2603 τούς
764 2540 794 2598 δέ
807 2540 853 2598 καὶ
867 2540 977 2599 νοσέον-

174 2652 224 2689 τας
245 2625 334 2687 αὐτῶν
358 2628 499 2700 κατέλιπε,
522 2629 682 2688 ἐπιτάσσων
707 2633 775 2707 τῇσι
801 2626 910 2695 πόλισι,
934 2626 978 2684 ἶνα

177 2713 310 2774 ἑκάστοτε
320 2716 425 2798 γίνοιτο
437 2716 565 2792 ἐλαύνων,
577 2717 749 2794 μελεδαίνειν
759 2715 845 2776 τεκαὶ
855 2715 977 2791 τρέφειν·

177 2805 206 2862 ἐν
224 2807 372 2882 Θεσσαλιῃ
386 2805 418 2864 τέ
430 2831 513 2874 τινας,
529 2807 574 2864 καὶ
589 2811 617 2866 ἐν
632 2807 693 2881 Σίρι
707 2809 756 2880 τῆς
774 2805 917 2879 Παιονίης,
933 2802 979 2860 καὶ

178 2893 207 2948 ἐν
221 2892 388 2971 Μακεδονίῃ·
407 2895 471 2953 ἔνθα
486 2895 531 2952 καὶ
543 2892 576 2952 τό
592 2893 651 2970 ίρόν
665 2893 740 2970 ἅρμα
754 2891 916 2952 καταλιπιδν
928 2895 979 2950 τοῦ

179 2978 255 3049 Διός,
272 2979 319 3040 ὅτε
337 2981 383 3040 ἐπὶ
398 2980 450 3056 τὴν
463 2981 590 3039 Ἑλλάδα
605 2979 717 3055 ἤλαυνε,
737 2980 826 3040 ἀπιόν
846 2980 895 3040 οὐκ
914 2977 980 3038 ἀπέ-

178 3068 263 3142 λαβε·
288 3067 364 3127 ἀλλά
381 3069 474 3130 δόντες
490 3071 517 3126 οἱ
538 3069 657 3129 Παίονες
678 3073 754 3126 τοῖσι
775 3068 881 3146 Θρήῖξι,
900 3065 978 3125 άπαι-

177 3156 288 3219 τέοντος
301 3157 417 3232 Ξέρξεω,
432 3157 542 3230 ἔφασαν
558 3155 710 3232 νεμομένας
729 3155 909 3235 ἀρπαχθῆναι
926 3151 980 3211 ύπδ

178 3245 233 3301 τῶν
251 3243 306 3303 ἅνω
324 3245 450 3320 Θρηίκων
464 3247 519 3301 τῶν
536 3244 600 3319 περὶ
613 3243 663 3306 τάς
676 3244 768 3324 πηγάς
785 3248 835 3304 τοῦ
853 3240 982 3319 Στρυμό-

133 3328 246 3390 116νος
263 3333 421 3402 οἰκημένων.
457 3329 548 3390 Ἔνθα
562 3332 608 3390 καὶ
621 3331 637 3391 ό
650 3336 705 3392 τῶν
719 3334 882 3393 Βισαλτέων
896 3332 983 3407 βασι·
1128 3299 1130 3382 ί

7 3431 69 3490 Ι
