2276 3538
176 167 221 210 ιιι
481 160 666 212 Ἧνοιονου
892 158 969 225 [vn.

170 240 270 302 πεκέας
284 241 393 318 ἔχοντες
406 240 612 316 ε’στρατεύοντο,
626 241 691 318 περὶ
704 241 734 300 δὲ
747 240 780 304 τό
794 245 879 318 σῶμα
892 243 971 303 κιθῶ·

171 353 228 390 νας·
256 329 301 386 ε’πὶ
324 329 361 396 δέ,
382 327 471 404 ζειράς
493 329 734 405 περιβεβλημένοι
755 330 893 400 ποικίλας,
907 333 971 408 περὶ

171 415 200 474 δὲ
220 416 285 478 τούς
305 417 392 478 πόδας
413 442 444 474 τε
465 417 511 474 καὶ
531 415 582 478 τάς
604 416 710 491 κνήμας
731 417 832 476 πέδιλα
854 420 971 494 νεβρῶν·

169 503 239 581 πρός
255 504 292 574 δὲ,
308 503 422 564 ἀκόντιά
441 530 472 562 τε
493 505 539 562 καὶ
559 504 664 566 πέλτας
678 505 723 562 καὶ
737 505 886 584 ἐγχειρίδια
906 532 970 583 σμι-

171 592 229 670 κρά.
275 590 363 672 (οὗτοι
384 592 413 650 δὲ
434 591 582 667 διαβάντες
594 593 646 667 μὲν
659 597 687 654 ε’ς
700 591 752 665 τὴν
765 591 874 668 Ἀσίην,
889 594 970 670 ε’κλή·

173 682 266 755 θησαν
279 681 401 740 Βιθυνοί·
422 680 455 739 τό
469 679 498 738 δὲ
512 678 647 756 πρότερον
668 679 824 749 ἐκαλέοντο,
840 680 874 743 ὦς
892 681 969 742 αὐτοὶ

170 770 295 848 λέγουσι,
312 768 485 845 Στρυμόνιοι,
501 769 634 830 οἰκέοντες
647 768 693 826 ε’πὶ
707 766 854 844 Στρυμόνι·
876 769 970 839 ἐξανα-

121 919 123 930 ,
170 859 271 931 στῆναι
290 857 320 914 δέ
336 863 410 931 φασι
429 856 460 924 ἐξ
476 856 566 930 η’θέων
586 855 641 916 ύπδ
655 859 781 932 Τευκρῶν
797 882 827 914 τε
848 857 893 914 καὶ
908 863 968 917 Μυ-

118 931 160 1007 Ῐῧδ
171 944 249 1020 σῶν.)
292 944 417 1018 Θρηίκων
431 943 460 1000 δὲ
473 946 528 1002 τῶν
545 948 574 1001 ἐν
586 947 622 1021 τῇ
634 943 718 1021 Ἀσίῃ
732 942 802 1022 ἦρχε
815 942 969 1020 Βασσάκης

170 1030 186 1089 ό
199 1031 387 1108 Ἀρταβάνου.
423 1029 586 1092 ....α’σπίδας
599 1031 628 1089 δὲ
642 1029 799 1106 ὠμοβοΐνας
813 1029 889 1110 εἶχον
902 1056 968 1107 σμι-

171 1119 245 1196 κράς,
265 1121 311 1178 καὶ
330 1119 491 1196 προβόλους
510 1118 558 1177 δύο
578 1119 744 1199 λυκοεργέας
763 1118 880 1182 ἕκαστος
902 1118 968 1199 εἶχε·

169 1208 215 1266 ε’πὶ
228 1207 257 1266 δὲ
271 1212 338 1285 τῇσι
352 1211 496 1286 κεφαλῇσι
510 1206 611 1284 κράνεα
628 1205 746 1285 χάλκεα·
767 1206 880 1282 τρόςδὲ
893 1211 969 1269 τοῖσι

169 1294 291 1372 κράνεσι,
317 1295 374 1356 ὦτά
398 1323 428 1355 τε
453 1296 499 1354 καὶ
520 1296 600 1371 κέρεα
623 1297 735 1371 προσῆν
758 1293 828 1369 βοός
850 1294 968 1372 χάλκεα·

169 1387 278 1459 ε’πῆσαν
293 1385 322 1442 δὲ
337 1385 382 1442 καὶ
396 1383 493 1458 λόφοι·
514 1382 564 1444 τοὶς
585 1383 614 1441 δὲ
636 1381 740 1458 κνήμας
760 1380 858 1458 ῥάκεσι
880 1389 969 1458 φοινι·

169 1472 258 1531 κέοισι
280 1473 468 1550 κατειλίχατο.
511 1471 551 1548 (ἐν
577 1471 703 1530 τούτοισι
729 1469 848 1546 ἀνδράσι
868 1469 969 1553 Ἀρεύς

121 1558 157 1618 77
168 1563 229 1617 ε’στι
243 1558 437 1638 χρηστήριον.)
476 1559 627 1633 Καβηλέες
641 1557 678 1618 δὲ.
691 1561 717 1616 οἱ
730 1558 860 1633 Μηίονες,
873 1558 968 1620 Λασό-

167 1671 220 1705 νιοι
237 1646 266 1704 δὲ
288 1646 460 1722 καλεύμενοι,
474 1645 525 1721 τήν
547 1645 633 1722 αύτὴν
646 1647 743 1715 Κίλιξι
765 1645 840 1724 εἶχον
856 1647 968 1724 σκευήν·

168 1733 219 1809 τὴν
233 1733 295 1814 ε’γιδ,
311 1735 393 1793 ε’πεάν
408 1734 478 1793 κατὰ
493 1733 544 1810 τὴν
558 1735 683 1794 Κιλίκων
700 1734 778 1804 τάξιν
797 1734 903 1804 διεξιόν
923 1737 968 1816 γέ-

168 1847 264 1894 νωμαι,
282 1822 346 1881 τότε
364 1823 503 1898 σημανέω.
546 1822 655 1881 Μιλύαι
676 1822 706 1881 δὲ
724 1821 828 1901 αἰχμάς
848 1847 879 1880 τε
897 1823 968 1899 βρα·

167 1909 235 1985 χέας
259 1909 341 1987 εἶχον,
369 1912 415 1968 καὶ
442 1912 541 1986 εἵματα
568 1911 798 1987 ἐνεπεπορπέατο.
841 1910 918 1989 εἶχον
939 1911 969 1970 δὲ

168 1995 257 2056 αύτῶν
277 1997 346 2067 τόξα
365 1998 537 2076 μετεξέτεροι
551 1997 651 2058 Λύκια·
672 1998 736 2076 περὶ
751 1997 780 2058 δὲ
793 2001 862 2078 τῇσι
882 2005 967 2074 κεφα-

167 2087 238 2163 λῇσι
265 2090 294 2144 έκ
322 2086 473 2164 διφθερέων
499 2088 686 2162 πεποιημένας
710 2087 814 2151 κυνέας.
862 2086 967 2148 τούτων

121 2173 159 2229 78
168 2172 277 2234 πάντων
289 2173 359 2254 ἦρχε
373 2175 482 2251 Βάδρης
495 2174 511 2234 ό
524 2175 684 2238 Ὑστάνεος.
727 2175 844 2254 Μόσχοι
861 2176 890 2235 δὲ
903 2177 967 2253 περὶ

168 2263 218 2332 μὲν
237 2267 305 2341 τῇσι
328 2267 471 2341 κεφαλῇσι
493 2264 588 2326 κυνέας
609 2263 720 2332 ξυλίνας
742 2263 825 2342 εἶχον,
847 2263 968 2328 αἱσπίδας

167 2348 198 2408 δὲ
212 2351 257 2408 καὶ
271 2351 373 2428 αἰχμάς
394 2350 524 2426 σμικράς·
545 2350 650 2431 λόγχαι
663 2351 693 2410 δὲ
707 2355 818 2426 ε’πῆσαν
834 2351 966 2433 μεγάλαι.

169 2439 323 2513 Τιβαρηνοὶ
345 2438 374 2496 δὲ
393 2439 439 2496 καὶ
456 2437 606 2513 Μάκρωνες
627 2439 672 2496 καὶ
691 2438 866 2498 Μοσύνοικοι
887 2439 968 2499 κατά-

168 2548 220 2600 περ
235 2523 352 2602 Μόσχοι
366 2525 567 2600 ἐσκευασμένοι
583 2525 791 2601 ἐστρατεύοντο·
812 2527 925 2590 τούτους
939 2527 969 2586 δὲ

170 2612 347 2670 συνέτασσον
365 2609 496 2689 άρχοντες
517 2611 583 2670 οἶδε·
605 2612 743 2690 Μόσχους
755 2615 807 2688 μὲν
821 2615 866 2671 καὶ
879 2615 968 2689 Τιβα-

167 2697 273 2774 ρηνούς,
288 2697 471 2775 Ἀριόμαρδος
487 2698 503 2758 ό
518 2701 638 2776 Δαρείου
651 2725 681 2758 τε
695 2702 761 2762 παῖς
774 2701 820 2758 καὶ
834 2699 968 2776 Πάρμυος

166 2788 216 2860 ’Πῖς
236 2785 369 2862 Σμέρδιος
386 2790 435 2845 τοῦ
457 2785 561 2863 Κύρου,
582 2787 738 2865 Μάκρωνας
759 2787 788 2846 δὲ
810 2789 855 2846 καὶ
869 2792 967 2848 Μοσυ·

167 2875 273 2937 νοίκους
285 2873 455 2951 Ἀρταΰκτης
477 2875 493 2935 ὁ
507 2875 677 2953 Χεράσμιος,
691 2875 721 2938 ὂς
736 2875 848 2950 Σηστόν
866 2875 918 2953 τὴν
939 2883 969 2939 έν

120 2964 157 3022 79
166 2961 370 3042 Ἑλλησπόντῳ
391 2963 566 3038 ἐπετρόπευε.
608 2966 705 3038 Μᾶρες
725 2963 755 3022 δέ
776 2965 822 3022 ε’πὶ
836 2967 888 3040 μὲν
900 2969 968 3043 τῇσι

167 3055 312 3129 κεφαλῇσι
335 3049 435 3127 κράνεα
457 3049 590 3128 ε’πιχύρια
611 3049 719 3109 πλεκτά
742 3049 826 3130 εἶχον,
846 3051 968 3114 ἀσπίδας

167 3138 196 3196 δὲ
210 3139 372 3214 δερματίνας
385 3138 506 3215 σμικράς
516 3139 562 3196 καὶ
576 3137 699 3198 ἀκόντια.
734 3139 847 3218 Κόλχοι
861 3140 890 3200 δὲ
903 3141 968 3216 περὶ

165 3228 218 3300 μὲν
233 3231 301 3304 τῇσι
315 3231 460 3305 κεφαλῇσι
474 3225 574 3303 κράνεα
588 3225 695 3297 ξύλινα,
709 3225 830 3291 ἀσπίδας
846 3227 876 3286 δὲ
896 3225 967 3302 ιύμο-

165 3313 265 3386 βοΐνας
286 3315 406 3391 σμικράς
429 3316 531 3394 αἰχμάς
553 3340 585 3375 τε
607 3316 744 3394 βραχέας·
765 3315 836 3392 πρός
858 3313 896 3388 δὲ,
921 3311 969 3374 καὶ
