2262 3534
177 127 287 190 47—50]
491 113 678 172 Κιλλιοιιιι.
930 120 977 169 805

177 205 213 280 δή
228 205 382 284 φεύγοντας
395 203 441 264 καὶ
454 201 558 262 στάσιν
572 201 750 264 ἐκλείποντας
762 200 847 278 ύμέος
861 199 976 276 εἴδομεν,

176 297 208 352 έν
220 292 397 368 Ἀθηναίοισί
407 317 438 350 τε
450 291 502 366 τήν
515 289 669 367 πρόπειραν
681 290 866 365 ποιευμένους,
880 286 979 350 αύτούς

174 407 209 440 πε
222 379 302 440 άντία
313 380 421 440 δούλων
438 382 493 438 τῶν
513 378 653 455 ἡμετέρων
668 377 870 453 τασσομένους·
891 379 979 438 ταῦτα

174 468 303 544 οὐδαμῶς
316 466 422 544 ἀνδρῶν
435 465 547 547 άγαθιῦν
562 467 638 546 ἔργα
660 463 736 524 ἀλλὰ
749 467 886 524 πλεῖστον
901 461 935 538 δή
950 469 979 526 ε’ν

174 556 242 632 ύμῖν
263 556 447 634 ἐψεύσθημεν,
489 553 708 630 προσδεκόμενοι
728 551 782 632 γάρ
799 549 870 610 κατά
889 551 978 621 κλέος,

175 643 214 707 ὥς
231 644 265 720 δή
285 645 409 721 πέμψετε
428 649 455 706 ές
472 642 559 720 ήμόας
578 641 683 718 κήρυκα
700 639 921 716 προκαλεύμενοι
934 640 979 698 καὶ

173 732 349 809 βουλόμενοι
381 731 511 808 μούνοισι
546 729 679 807 Πέρσῃσι
711 727 862 806 μάχεσθαι,
889 725 979 803 άρτιοι

173 819 268 884 ,ε’όντες
285 821 388 880 ποιέειν
406 824 502 891 ταῦτα,
520 817 598 878 οὐδὲν
615 821 725 876 τοιοῦτο
743 816 877 896 λέγοντας
894 813 979 890 ύμέας
1011 825 1020 878 ᾖ

172 907 299 984 Ιεὕρομεν,
314 906 392 966 ἀλλά
405 906 588 969 πτώσσοντας
600 909 722 982 μᾶλλον.
764 908 813 964 νῦν
832 901 869 962 ὦν
885 902 978 978 ἐπειδὴ

174 995 227 1054 οὐκ
250 996 327 1073 ύμεῐς
353 994 455 1072 ήρξατε
481 993 582 1056 τούτου
608 997 659 1052 τού
686 991 782 1074 λόγου,
806 990 871 1050 άλλ’
898 990 978 1066 ἡμεῖς

175 1082 308 1162 ἄρχομεν,
321 1084 351 1142 τί
362 1083 396 1158 δή
411 1083 443 1142 ού
456 1081 511 1159 πρό
529 1085 581 1158 μὲν
593 1085 648 1142 τῶν
660 1079 805 1155 Ἑλλήνων
820 1078 905 1156 ὑμεῖς,
920 1080 982 1138 ἐπεί

175 1195 208 1228 τε
226 1171 379 1240 δεδόξωσθε
397 1171 466 1230 εἶναι
485 1169 605 1248 ἄριστοι,
623 1169 678 1246 πρό
697 1168 729 1226 δὲ
747 1172 803 1228 τῶν
822 1167 979 1244 βαρβάρων

177 1256 264 1334 ἡμεῖς,
280 1259 338 1318 ἶσοι
351 1259 421 1336 πρός
433 1261 514 1321 ἴσους
529 1257 648 1334 άριθμάν
661 1255 845 1334 μαχεσόμεθα
856 1280 864 1322 ;
886 1255 932 1314 καὶ
944 1253 979 1330 ἢν

175 1349 229 1421 μὲν
242 1346 324 1425 δοκέῃ
338 1347 384 1405 καὶ
399 1346 464 1409 τούς
482 1344 587 1408 ἄλλους
604 1344 756 1423 μάχεσθαι,
771 1346 797 1402 οἱ
813 1342 836 1401 δ’
851 1341 888 1400 ὧν
901 1344 977 1418 μετέ·

178 1457 259 1493 πειτα
276 1434 428 1513 μαχέσθων
445 1432 567 1510 ὕστεροι·
590 1433 660 1491 εἰδὲ
679 1432 724 1490 καὶ
739 1430 783 1508 μή
799 1431 900 1500 δοκέοι,
915 1429 980 1490 ἀλλ’

174 1519 264 1597 η’μέας
286 1520 404 1598 μούνους
427 1521 562 1602 άποχριῖν,
584 1521 663 1598 ήμεῖς
687 1520 716 1578 δὲ
739 1518 977 1598 διαμαχεσάμεθο·

174 1606 303 1687 όκότεροι
321 1608 344 1670 δ’
362 1608 396 1670 ἂν
413 1609 505 1687 ἡμέων
523 1609 668 1684 νικήσωσι,
686 1606 856 1686 τούτουςτῷ
878 1606 979 1668 ἅπαντι

174 1698 357 1778 στρατοπέδῳ
383 1697 485 1759 νικᾶν.”
527 1697 560 1756 ‘0
581 1701 640 1774 μὲν,
662 1701 749 1758 ταῦτα
770 1697 848 1760 εἶπας
874 1721 905 1756 τε
931 1696 977 1756 καὶ
987 1697 1024 1756 49

174 1787 302 1866 ε’πισχιδν
327 1787 437 1864 χρόνον,
466 1786 501 1850 ὅς
528 1789 557 1846 οἱ
587 1785 674 1850 οὐδεὶς
703 1784 781 1845 ούδὲν
810 1784 978 1862 ύπεκρίνετο,

174 1871 385 1934 άπαλλάσσετο
405 1874 506 1934 ὀπίσω·
541 1873 671 1934 άπελθιόν
692 1873 721 1932 δὲ
745 1872 878 1949 ἐσήμαινε
899 1879 978 1948 Μαρ-

174 1960 257 2040 δονίῳ
277 1963 313 2021 τά
334 1962 542 2038 καταλαβόντα·
567 1960 584 2020 ό
607 1961 637 2018 δὲ
659 1958 811 2038 περιχαρής
832 1960 979 2040 γενόμενος

175 2049 223 2106 καὶ
241 2050 369 2125 ἐπαρθείς
387 2053 481 2127 ψυχρῇ
496 2050 565 2126 νίκῃ,
581 2051 669 2121 ε’πῆκε
686 2047 738 2121 τήν
758 2047 843 2106 ἀι-πον
857 2047 902 2104 ε’πὶ
915 2046 979 2110 τούς

174 2134 325 2212 Έλληνας·
356 2135 392 2198 ὦς
414 2135 444 2194 δὲ
468 2135 616 2210 ἐπήλασαν
638 2137 667 2192 οἶ
691 2134 814 2204 ἶπττόται,
840 2134 980 2194 έσινέοντο

176 2226 275 2282 πᾶσαν
286 2222 338 2298 τήν
349 2223 488 2300 στρατιήν
504 2222 557 2298 τήν
572 2222 742 2298 Ἑλληνικήν
759 2222 980 2292 ἐσακοντίζοντές

175 2335 208 2369 τε
229 2311 275 2368 καὶ
295 2309 460 2381 τοξεύοντες,
479 2309 551 2370 ὥστε
574 2310 768 2380 {mmmm
779 2335 810 2370 τε
827 2308 917 2372 ε’όντες
934 2310 980 2369 καὶ

176 2399 393 2476 προσφέρεσθαι
405 2397 516 2475 άτοροι·
529 2398 581 2474 τήν
590 2425 620 2458 τε
630 2399 732 2476 κρήνην
742 2399 794 2474 τήν
804 2399 978 2479 Γαργαφίην,

175 2484 224 2544 ἀπ’
240 2484 273 2562 ἧς
294 2485 422 2563 ὑδρεύετο
442 2491 498 2546 πᾶν
516 2486 549 2546 τό
570 2485 730 2562 στράτευμα
750 2487 783 2546 τά
802 2486 978 2562 Ἑλληνικόν,

175 2574 366 2652 συνετάραξαν
393 2575 440 2634 καὶ
462 2575 636 2653 συνέχωσαν.
678 2573 752 2650 ἦσαν
774 2576 829 2652 μέν
851 2574 888 2634 ὧν
909 2575 980 2634 κατά

174 2661 229 2737 τήν
248 2662 349 2740 κρήνην
362 2662 576 2740 Λακεδαιμόνιοι
593 2663 757 2744 τεταγμένοι
774 2667 882 2740 μοῦνοι·
903 2667 980 2724 τοῖσι

175 2749 207 2808 δὲ
223 2749 340 2810 ἄλλοισι
352 2750 482 2826 Ἕλλησι
494 2750 513 2826 ἦ
526 2753 578 2828 μὲν
598 2750 685 2828 κρήνη
699 2750 797 2827 πρόσω
816 2752 928 2830 ἐγίνετο,
944 2750 980 2814 ὦς

176 2838 293 2898 ἔκαστοι
320 2841 416 2918 ἔτυχον
440 2840 612 2920 τεταγμένοι,
635 2838 652 2898 ό
672 2839 703 2898 δὲ
724 2837 854 2902 Ἀσωπός
876 2838 976 2919 α’γχοῦ·

176 2927 337 3004 ἐρυκόμενοι
355 2928 387 2986 δὲ
406 2925 464 2986 άπδ
486 2931 535 2986 τοῦ
551 2927 692 2998 Ἀσωποῦ,
712 2927 781 2988 οὕτω
802 2926 836 3002 δή
861 2928 907 2985 ε’πὶ
927 2926 980 3002 τήν
1024 2985 1028 2993 ,

176 3013 281 3091 κρήνην
291 3016 425 3091 ἐφοίτεον
441 3013 498 3074 dm?
511 3019 562 3074 τοῦ
575 3019 703 3091 ποταμοῦ
716 3014 770 3095 γάρ
784 3020 840 3090 σφι
854 3013 904 3073 ούκ
914 3015 979 3090 ε’ξήν

176 3101 249 3180 ὕδωρ
264 3104 426 3180 φορέεσθαι,
440 3101 494 3162 ύπό
507 3128 538 3162 τε
551 3107 605 3163 τῶν
618 3104 723 3162 ἱππέων
735 3103 782 3162 καὶ
795 3101 978 3180 τοξευμάτων.

219 3190 326 3252 Τούτου
349 3191 378 3251 δὲ
395 3190 522 3251 τοιούτου
544 3192 698 3274 γινομένου,
719 3195 746 3251 οἶ
765 3196 820 3252 τῶν
832 3190 979 3268 Ἑλλήνων
986 3193 1026 3252 50

177 3279 343 3363 στρατηγοὶ,
370 3279 419 3339 άτε
444 3283 496 3340 τοῦ
528 3305 560 3342 τε
585 3279 683 3344 ὕδατος
716 3281 900 3358 στερηθείσης
929 3284 980 3356 τῆς
