2262 3534
187 141 234 187 ιιι
489 139 673 189 Ἥνοιουου
923 141 986 206 [lx.

186 221 213 277 οἱ
231 216 263 275 δὲ
280 218 392 295 Πέρσαι
409 217 564 296 πυθόμενοί
578 223 672 294 σφεας
686 217 867 295 προσπλέειν,
883 219 989 300 άνῆγον

185 305 231 365 καὶ
245 304 324 365 αύτσὶ
337 306 407 384 πρὸς
419 306 471 382 τήν
483 305 598 384 ἤπειρον
615 305 665 369 τθς
681 307 744 368 νέας
761 305 811 370 τὰς
824 307 923 378 ἄλλας,
938 310 988 374 τάς

184 392 216 451 δέ
227 394 360 453 Φοινίκων
376 394 485 470 άπήκαν
502 395 664 453 ἀποπλέειν·
686 395 919 470 βουλευομένοισι
931 396 987 478 γάρΙ

184 488 240 557 σφι
268 481 359 541 ἐδόκεε
383 483 538 560 ναυμαχίην
560 483 600 558 μή
625 483 779 541 ποιέεσθαι·
815 481 847 542 ού
870 483 925 563 γάρ
950 483 988 544 ὦν

132 601 135 611 ν
183 568 293 630 ἐδόκεον
314 570 407 648 ὁμοῖοι
429 569 508 630 εἶναι·
534 575 563 633 ές
579 571 609 629 δέ
628 569 815 647 τήννήπειρον
834 570 986 644 ἀπέπλεον,

182 656 252 721 ὅκως
262 660 327 717 ἔωσι
335 658 390 718 ύπδ
398 657 449 718 τόν
458 658 543 730 πεζόν
555 657 678 736 στρατόν
689 658 740 718 τὸν
750 659 890 736 σφέτερον
905 659 987 721 ἐόντα

183 750 213 804 ἐν
224 750 260 824 τῇ
274 746 406 825 Μυκάλῃ·
425 745 463 814 ὃς,
479 745 662 809 κελεύσαντος
674 747 789 822 Ξέρξεω,
803 751 986 825 καταλελειμ-

181 834 264 909 μένος
284 837 335 893 τοῦ
359 832 451 892 ἄλλου
468 838 597 910 στρατοῦ,
621 833 726 909 Ἰωνίην
747 833 907 909 ἐφύλασσε·
935 842 986 896 τοῦ

180 922 291 996 πλῆθος
310 924 362 998 μὲν
381 919 417 996 ἦν
437 921 468 991 ἐξ
485 921 625 999 μυριάδες·
661 922 830 1002 ἐστρατήγεε
852 923 881 982 δὲ
899 922 985 984 αὐτοῦ

180 1007 325 1089 Τιγράνης,
348 1009 450 1069 κάλλεΐ
469 1035 500 1068 τε
522 1011 568 1068 καὶ
590 1010 707 1091 μεγάθεϊ
723 1009 886 1087 ὑπερφέρων
911 1017 984 1090 Περ-

181 1097 262 1157 σέων.
302 1096 358 1157 ύπδ
382 1101 481 1157 τοῦτον
502 1100 554 1174 μὲν
576 1098 610 1173 δή
631 1097 680 1160 τόν
702 1097 825 1174 στρατόν
851 1100 984 1174 ἐβουλεύ-

180 1209 268 1245 σαντο
300 1184 507 1266 καταφυγόντες
538 1189 564 1244 οῖ
591 1189 641 1246 τοῦ
670 1187 798 1245 ναυτικοί·
828 1190 983 1269 στρατηγοὶ

179 1272 323 1350 ἀνειρύσαι
341 1272 392 1336 τάς
409 1273 479 1342 νέας,
497 1271 543 1332 καὶ
562 1274 772 1350 περιβαλέσθαι
790 1273 878 1350 ἕρκος,
895 1276 983 1353 ἔρυμα

132 1359 233 1422 97τῶν
256 1366 323 1422 νεῶν
345 1362 391 1420 καὶ
412 1363 508 1437 σφέων
531 1359 621 1421 αὐτῶν
642 1360 846 1442 κρησφύγετον.
888 1367 982 1424 Ταῦτα

173 1449 404 1527 ’βουλευσάμενοι
425 1449 571 1531 ἀνήγοντο·
603 1449 766 1528 ἀπικόμενοι
794 1450 823 1509 δέ
850 1450 926 1526 παρά
946 1453 980 1514 τό

177 1541 232 1597 τῶν
247 1539 387 1597 Ποτνιέων
403 1538 463 1615 ἱρόν
479 1541 530 1614 τῆς
547 1538 685 1614 Μυκάλης
701 1543 729 1602 ἐς
747 1539 879 1599 Γαίσωνά
890 1564 921 1600 τε
934 1542 981 1600 καὶ

178 1625 383 1694 Σκολοπόεντα,
403 1631 439 1704 τῇ
458 1625 608 1703 Δήμητρος
623 1626 798 1704 Ἐλευσινίης
817 1627 895 1687 ἐστὶν
912 1627 980 1704 ἱρόν,

176 1713 209 1772 τό
241 1713 377 1775 Φίλιστος
404 1713 420 1772 ὁ
451 1715 612 1777 Πασικλέος
642 1715 774 1791 ἱδρύσατο
807 1716 916 1795 Νείλεῳ
942 1723 981 1796 τῷ

177 1800 289 1876 Κόδρου
307 1801 494 1878 ἐπισπόμενος
509 1803 555 1861 ἐπὶ
572 1803 704 1878 Μιλήτου
722 1802 845 1872 κτιστύν,
862 1805 981 1864 ἐνθαῦτα

171 1888 225 1952 ’τός
245 1913 277 1948 τε
299 1890 361 1952 νέας
382 1889 531 1966 α’νείρυσσν
553 1891 599 1948 καὶ
615 1892 820 1968 περιεβάλοντο
837 1893 915 1968 ἐρκος
933 1897 979 1952 καὶ

170 1977 262 2037 ’λίθων
288 1978 334 2036 καὶ
358 1977 455 2048 ξύλων,
480 1978 592 2056 δένδρεα
618 1978 783 2056 ἐκκόψαντες
808 1978 907 2056 ήμερα,
933 1985 979 2042 καὶ

175 2065 322 2129 σκόλοπας
334 2067 398 2142 περὶ
410 2065 443 2126 τό
460 2067 538 2142 ἕρκος
554 2067 720 2143 κατέπηξαν·
742 2068 788 2126 καὶ
806 2070 979 2145 παρεσκευά-

168 2154 242 2214 ’δατο
267 2153 302 2218 οἷς
324 2154 579 2232 πολιορκησόμενοι
606 2155 652 2214 καὶ
679 2154 715 2218 ὥς
741 2155 910 2231 νικήσοντες,
935 2155 978 2216 ἐπ’

175 2242 331 2320 ἀμφότερα·
353 2242 546 2323 ἐπιλεγόμενοι
559 2243 615 2324 γάρ
629 2244 880 2321 παρεσκευάζοντο.

127 2333 165 2391 98
216 2334 252 2390 Οί
266 2331 296 2390 δέ
308 2330 447 2406 Ἕλληνες
463 2329 498 2393 οἷς
514 2330 649 2392 ἐπύθοντο
665 2330 816 2412 οἰχωκότας
828 2333 892 2396 τούς
904 2335 977 2412 βαρ-

173 2418 280 2496 βάρους
300 2423 328 2481 ἐς
346 2418 399 2493 τήν
418 2417 540 2494 ἤπειρον,
559 2418 682 2498 ἤχθοντο
700 2419 736 2482 ὦς
755 2421 976 2502 ἐκπεφευγότων·

174 2511 204 2564 ἐν
223 2505 326 2583 α’πορίη
346 2531 377 2565 τε
397 2505 506 2584 εἴχοντο
526 2505 543 2565 ὅ
562 2533 590 2566 τι
610 2508 735 2576 ποιέωσι,
749 2508 804 2567 εἶτε
824 2507 976 2569 εἰπαλλάσὴ

172 2619 276 2652 σωνται
297 2592 388 2651 ὀπίσω
410 2594 463 2652 εἴτε
484 2595 664 2656 καταπλέωσι
684 2594 726 2655 ἐπ’
746 2595 975 2672 Ἑλλησπόντου·

171 2682 253 2743 τέλος
266 2679 289 2739 δ’
301 2680 376 2750 ἔδοξε
385 2681 489 2741 τούτων
498 2685 550 2759 μὲν
559 2683 696 2762 μηδέτερα
709 2685 822 2754 ποιέειν,
834 2687 976 2743 ἐπιπλέειν

174 2769 204 2828 δὲ
217 2768 263 2828 ἐπὶ
275 2767 328 2844 τήν
341 2767 465 2846 ἤπειρον·
486 2771 767 2848 παρασκευασάμενοι
780 2771 818 2832 ὦν
832 2777 860 2836 ἐς
872 2797 975 2849 ναυμα-

117 2924 123 2936 1
170 2858 235 2934 χίην
249 2857 294 2915 καὶ
307 2855 474 2936 ἀποβάθρας
491 2859 536 2916 καὶ
551 2858 586 2918 τά
606 2858 683 2918 ἄλλα
701 2857 776 2920 ὅσων
793 2860 863 2930 ἔδεε,
873 2861 975 2920 ἔπλεον

117 2963 121 2972 “
171 2945 216 3003 ἐπὶ
236 2949 286 3020 τῆς
306 2947 452 3021 Μυκάλης.
494 2947 553 3005 ἐπεὶ
573 2947 603 3004 δέ
623 2946 714 3027 άγχοΰ
731 2973 763 3006 τε
781 2950 904 3029 ἐγίνοντο
923 2953 974 3008 τοῦ

170 3034 369 3108 στρατοπέδου,
384 3035 429 3092 καὶ
443 3032 530 3095 οὐδεὶς
544 3035 672 3108 ἐφαίνετό
686 3041 742 3110 σφι
756 3037 972 3117 ἐπαναγόμενος,

169 3118 246 3179 άλλά
260 3120 335 3196 ὥρων
347 3122 410 3182 νέας
422 3120 628 3198 ἀνελκυσμένας
641 3123 697 3180 ἔσω
709 3127 759 3181 τοῦ
772 3124 885 3201 τείχεος,
902 3128 972 3183 πολ-

169 3205 223 3266 λόν
249 3206 280 3265 δὲ
298 3208 382 3277 πεζόν
400 3207 637 3284 παρακεκριμένον
660 3209 737 3286 παρᾶ
760 3209 810 3269 τόν
832 3210 970 3290 αἰγιαλόν,

164 3293 285 3352 ’ἐνθαῦτα
297 3297 407 3370 πρῶτον
415 3296 468 3370 μὲν
477 3297 552 3373 ἐντῇ
565 3295 610 3370 νηῒ
623 3296 801 3373 παραπλέων,
812 3297 971 3376 ἐγχρίμψας
