2268 3536
170 178 307 242 ιιι-119]
471 177 672 225 υπΡνιΧοΡΗ.
936 174 966 218 ⁵⁵

166 259 321 336 ρόσσοντες
346 257 379 318 τό
405 262 497 336 τεῖχος
518 258 634 336 πέμπτῳ
655 256 722 334 μηνὶ
745 255 821 314 εἶλον
847 255 874 313 οἱ
901 252 975 328 Πέρ-

167 365 228 398 σαι.

210 425 332 503 Κύπριοι
353 430 403 502 μὲν
426 427 468 500 δή,
491 425 614 485 ἐνιαυτόν
637 423 776 500 ἐλεύθεροι
793 422 1013 504 γενόμενοι,116

168 513 245 578 αὖτις
267 520 297 574 ἐκ
315 516 376 590 νέης
394 513 637 573 κατεδεδούλωντο.
682 513 824 589 Δαυρίσης
845 511 875 569 δὲ
897 511 966 588 έχων

170 603 291 679 Δαρείου
310 603 456 683 θυγατέρα,
478 602 523 660 καὶ
543 600 644 678 Ὺμέης
666 627 697 660 τε
716 601 762 658 καὶ
782 597 901 674 Ὀτάνης
920 598 965 656 καὶ

169 689 255 750 άλλοι
270 692 381 767 Πέρσαι
396 689 549 770 στρατηγοὶ
568 690 676 768 ἔχοντες
693 690 739 748 καὶ
753 687 829 748 οὗτοι
847 688 966 763 Δαρείου

169 779 329 858 θυγατέρας,
341 777 530 848 ἐπιδιώξαντες
542 777 606 841 τούς
619 783 648 836 ἐν
661 775 779 854 Σάρδισι
793 801 965 854 στρατευσα-

166 867 266 943 μένους
283 865 388 936 Ἰώνων,
408 867 452 924 καὶ
474 865 657 943 ἐσαράξαντές
676 872 767 941 σφεας
789 871 816 928 ἐς
836 865 885 928 τάς
904 865 966 927 νέας

167 959 203 1033 τῇ
221 949 349 1034 μάχηώς
362 954 563 1032 ἐπεκράτησαν,
577 954 610 1014 τό
625 956 747 1014 ἐνθεῦτεν
764 953 965 1030 ἐπιδιελόμενοι

167 1044 217 1106 τάς
238 1045 320 1107 πόλις
344 1044 486 1121 ἐπόρθεον.
532 1045 674 1119 Δαυρίσης
699 1046 751 1118 μὲν
773 1042 1011 1119 τραπόμενος117

169 1131 239 1205 πρός
248 1132 298 1194 τάς
311 1138 339 1190 ἐν
352 1131 557 1210 Ἑλλησπόντῳ
570 1131 660 1199 πόλις,
676 1131 733 1189 εἷλε
746 1133 797 1205 μὲν
811 1129 964 1207 Δάρδανον,

170 1217 228 1276 εἷλε
242 1218 271 1276 δὲ
279 1217 406 1293 Ἀβυδόν
418 1244 449 1277 τε
463 1218 508 1275 καὶ
522 1216 672 1293 Περκώτην
686 1219 730 1276 καὶ
743 1217 900 1294 Λάμψακον
919 1218 965 1276 καὶ

172 1305 293 1365 Παισόν·
314 1305 415 1368 ταύτας
429 1308 481 1381 μὲν
495 1303 537 1363 ἐπ’
551 1305 655 1380 η’μέρης
672 1303 791 1380 ἑκάστης
804 1305 887 1380 αἵρεε·
909 1305 965 1365 άπό

170 1394 199 1452 δὲ
214 1399 327 1453 Παισοῦ
342 1393 487 1453 ἐλαύνοντί
507 1396 533 1452 οἱ
554 1393 599 1450 ἐπὶ
614 1392 721 1468 Πάριον
734 1391 818 1452 πόλιν
831 1391 902 1468 ἦλθε
916 1392 964 1473 α’γ-

169 1484 259 1563 γελίη,
275 1481 338 1544 τούς
352 1485 450 1558 Κᾶρας
467 1480 555 1540 τώυτό
568 1478 648 1539 Ἴωσι
663 1480 860 1557 φρονήσαντας
877 1481 964 1540 άπεσ-

168 1569 249 1630 τάναι
261 1569 317 1630 dno*
329 1571 471 1646 Περσέων·
492 1568 674 1646 ἀποστρέψας
684 1569 721 1628 ὧν
734 1575 763 1628 ἐκ
777 1573 827 1629 τοῦ
839 1569 963 1646 Ἑλλησ-

169 1658 272 1718 πόντου
287 1657 390 1734 ἤλαυνε
406 1657 455 1717 τόν
468 1657 595 1734 στρατόν
612 1658 657 1716 ἐπὶ
670 1657 721 1733 τὴν
735 1660 850 1735 Καρίην.
885 1660 944 1718 Καί
955 1661 1011 1719 118

170 1773 221 1810 κως
233 1750 321 1806 ταῦτα
332 1749 409 1806 τοῖσι
423 1747 519 1823 Καρσὶ
532 1747 689 1826 ἐξαγγέλθη
705 1747 841 1824 πρότερον
860 1748 926 1824 πρὶν
946 1745 964 1823 ἢ

169 1834 217 1894 τόν
240 1835 384 1910 Δαυρίσην
408 1834 566 1895 ἀπικέσθαι·
588 1833 739 1911 πυθόμενοι
762 1836 791 1894 δὲ
815 1839 842 1894 οἱ
863 1840 963 1912 Κᾶρες,

170 1923 352 2002 συνελέγοντο
371 1922 416 1980 ἐπὶ
429 1921 535 1984 Λευκάς
551 1949 581 1980 τε
596 1922 707 1997 Στήλας
728 1925 897 1999 καλεομένας
919 1923 964 1981 καὶ

170 2010 295 2086 ποταμόν
309 2009 457 2086 Μαρσύην·
479 2008 509 2073 ὃς
521 2011 589 2086 ῥέων
608 2016 637 2068 ἐκ
656 2015 706 2086 τῆς
720 2011 854 2088 Ἰδριάδος
873 2011 965 2089 χώρης

170 2102 197 2159 ἐς
220 2097 269 2156 τόν
295 2097 455 2173 Μαίανδρον
482 2099 591 2156 ἐκδιδοῖ·
619 2101 831 2177 συλλεχθέντων
858 2098 887 2156 δὲ
910 2103 966 2158 τῶν

171 2189 272 2262 Καρῶν
291 2186 416 2253 ἐνθαῦτα,
434 2186 557 2265 ἐγίνοντο
576 2187 681 2259 βουλαὶ
703 2185 790 2244 άλλαι
805 2212 836 2244 τε
857 2187 963 2244 πολλαὶ

171 2274 216 2332 καὶ
237 2273 339 2350 α’ρίστη
355 2298 388 2353 γε
407 2273 544 2331 δοκέουσα
567 2273 635 2331 εἶναι
653 2274 715 2349 ἐμοὶ
732 2273 895 2349 Πιξωδάρου
915 2278 965 2334 τοῦ

171 2361 341 2430 Μαυσώλου,
358 2359 457 2436 ἀνδρός
471 2361 611 2428 Κινδυέος,
626 2359 656 2423 ὃς
672 2363 722 2419 τοῦ
737 2361 860 2420 Κιλίκων
878 2363 963 2437 βασι-

169 2451 234 2512 λέος
248 2451 409 2513 Συεννέσιος
431 2448 487 2526 εἶχε
510 2449 656 2529 θυγατέρα·
678 2449 777 2510 τούτου
797 2455 847 2510 τοῦ
868 2451 966 2530 ἀνδρός

169 2537 188 2614 η’
201 2538 296 2619 γνώμη
318 2540 407 2612 ἔφερε,
422 2536 574 2613 διαβάντας
589 2537 639 2598 τόν
653 2539 814 2616 Μαίανδρον
830 2539 893 2603 τούς
908 2545 965 2599 Κᾶ-

168 2653 219 2701 ρας
233 2626 278 2684 καὶ
292 2625 361 2684 κατά
376 2624 462 2684 νώτου
477 2627 590 2704 ἔχοντας
602 2627 652 2686 τόν
664 2627 792 2704 ποταμόν
806 2627 875 2688 οὕτω
894 2655 964 2705 συμ-

168 2714 299 2788 βάλλειν,
322 2714 365 2772 ἷνα
386 2712 426 2788 μή
449 2714 557 2792 ἔχοντες
575 2713 666 2774 όπίσω
690 2716 803 2796 φεύγειν
825 2720 852 2776 οἱ
874 2722 966 2793 Κᾶρες

169 2802 253 2861 αι’τοῦ
274 2829 304 2861 τε
328 2802 419 2878 μένειν
440 2801 657 2882 ἀναγκαζόμενοι
678 2806 805 2884 γενοίατο
830 2806 869 2864 ἔτι
890 2805 966 2880 α’μεί-

169 2915 245 2953 νονες
257 2894 307 2965 τῆς
321 2888 434 2966 φύσιος.
469 2890 537 2966 αὕτη
550 2892 602 2966 μέν
615 2919 663 2952 νυν
677 2891 727 2952 οὐκ
741 2895 815 2951 ἐνίκα
828 2893 847 2968 ἦ
859 2893 963 2973 γνώμη,

168 2976 246 3036 ἀλλά
266 2983 343 3038 τοῖσι
357 2978 489 3056 Πέρσησι
504 2978 574 3038 κατά
587 2979 673 3039 νώτου
686 2981 813 3061 γίνεσθαι
829 2981 879 3039 τόν
893 2982 966 3037 Μαί-

169 3066 268 3142 ανδρον
281 3071 395 3142 μᾶλλον
407 3063 426 3142 ἢ
439 3068 535 3141 σφίσι·
558 3067 672 3143 δηλαδή,
687 3067 721 3143 ἢν
735 3067 812 3146 φυγή
826 3070 880 3124 τῶν
894 3072 965 3141 Περ-

168 3154 240 3213 σέων
261 3155 374 3234 γένηται
393 3156 439 3212 καὶ
463 3157 625 3215 ἑσσωθέωσι
646 3160 682 3234 τῇ
700 3157 845 3231 συμβολῇ,
864 3152 897 3214 ὠς
916 3151 965 3210 οὐκ

168 3242 401 3318 ἀπονοστήσουσι
415 3248 442 3305 ἐς
450 3244 498 3302 τόν
512 3246 639 3321 ποταμόν
647 3245 838 3303 ἐσπίπτοντες.
865 3239 946 3299 Μεταὶ
957 3243 1012 3299 119

168 3330 206 3401 δὲ,
229 3330 385 3409 παρεόντων
408 3331 454 3390 καὶ
477 3331 634 3407 διαβάιπων
658 3330 707 3391 τόν
729 3328 890 3404 Μαίανδρον
911 3331 966 3388 τῶν
