2276 3538
182 149 288 212 76—83]
484 147 668 194 Ποιωωαι.
933 148 978 194 1⁵3

181 231 320 308 μαχαίρας
339 227 421 308 εἶχον.
466 231 571 304 Μαρῶν
593 227 621 284 δέ
643 226 688 284 καὶ
704 224 826 304 Κόλχων
841 225 911 306 Ιἦρχε
924 234 978 284 Φα-

181 316 317 394 ρανδάτης
330 316 346 374 ό
360 317 508 377 Τεάσπιος.
543 313 703 391 Ἀλαρόδιοι
723 314 810 371 δὲκαὶ
826 314 979 392 Σάσπειρες

182 405 304 482 κατάπερ
324 405 436 483 Κόλχοι
458 405 626 481 ὁπλισμένοι
648 402 854 479 ἐστρατεύοντο·
876 403 978 464 τούτων

181 494 210 552 δέ
224 494 386 555 Μασίστιος
400 492 415 551 ό
430 494 599 570 Σιρομίτρεω
612 492 691 570 ἦρχε.
729 491 770 548 Τά
784 492 812 548 δέ
827 493 976 566 νησιωτικά
987 495 1026 554 80

180 583 259 641 ἔθνεα
272 581 307 641 τοὶ
322 587 352 640 ἐκ
368 585 417 657 τῆς
429 580 564 658 Ἐρυθρῆς
579 580 728 655 θαλάσσης
743 580 871 655 ἑπόμενα,
887 580 978 655 νήσων

180 669 209 728 δέ
223 675 251 729 ἐν
263 675 332 749 τῇσι
344 670 409 732 τούς
419 668 619 732 ἀνασπάστους
633 670 818 745 καλεομένους
834 669 979 738 κατοικίζει

178 758 326 833 βασιλεύς,
341 757 486 839 άγχοτάτω
505 763 559 818 τῶν
574 759 707 832 Μηδικῶν
729 758 803 836 εἶχον
825 756 932 830 ἐσθῆτά
947 784 978 816 τε

179 849 224 904 καὶ
242 846 328 905 ὅπλα.
349 847 453 906 τούτων
472 847 501 904 δέ
521 852 575 906 τῶν
596 848 750 922 νησιωτέων
764 846 834 924 ἦρχε
848 845 975 922 Μαρδόν-

177 961 226 1010 της
247 935 409 1016 όΒαγαίου,
425 934 454 997 ὃς
476 941 504 994 ἐν
523 935 645 1014 Μυκάλη
666 935 843 1015 στρατηγέων
864 934 977 1012 δευτέρῳ

178 1024 231 1080 ἔτεϊ
251 1023 355 1083 τούτων
376 1023 540 1098 ἐτελεύτησε
562 1029 590 1082 ἐν
610 1029 645 1102 τῇ
666 1024 753 1102 μάχη.

218 1116 312 1170 Ταῦτα
329 1111 363 1186 ἦν
376 1111 412 1171 τοὶ
426 1111 484 1170 κατ’
498 1111 611 1188 ἤπειρον
625 1111 832 1189 στρατευόμενά
844 1137 875 1170 τε
889 1113 975 1180 ἔθνεα,
987 1113 1022 1170 81

178 1201 223 1258 καὶ
237 1201 392 1281 τεταγμένα
407 1205 433 1262 ἐς
446 1200 479 1260 τό
493 1201 585 1269 πεζόν.
627 1200 726 1258 τούτου
742 1200 777 1259 ὧν
790 1205 840 1259 τοῦ
854 1203 977 1274 στρατοῦ

176 1287 264 1366 ἦρχον
284 1287 360 1348 οὗτοι
381 1289 460 1365 οἵπερ
480 1289 607 1364 εἰρέαται·
630 1288 674 1345 καὶ
693 1292 719 1346 οἱ
737 1287 911 1354 διατάξαντες
932 1287 978 1344 καὶ

178 1377 413 1452 ἐξαριθμήσαντες
436 1375 511 1436 οὗτοι
535 1375 617 1451 ἦσαν,
641 1377 686 1434 καὶ
707 1375 857 1456 χιλιάρχας
879 1401 909 1434 τε
932 1375 978 1432 καὶ

176 1465 331 1543 μυριάρχας
344 1465 536 1534 ἀποδέξαντες·
559 1464 762 1544 ἑκατοντάρχας
776 1465 804 1522 δὲ
819 1464 864 1521 καὶ
884 1462 976 1540 δεκάρ-

177 1579 229 1630 χας
247 1557 273 1611 οἱ
291 1553 450 1632 μυριάρχαι.
492 1555 594 1613 τελέων
615 1554 644 1612 δὲ
665 1555 711 1611 καὶ
730 1554 828 1612 ἐθνέων
841 1551 915 1628 ἦσαν
929 1550 977 1609 άλ-

177 1644 224 1699 λοι
244 1641 426 1718 σημάντορες·
447 1642 522 1718 ἦσαν
535 1645 587 1719 μέν
601 1642 635 1717 δη
651 1640 736 1712 οὗτοι,
751 1643 830 1719 οἷπερ
850 1642 976 1719 εἰρέαται,

177 1727 316 1807 ἄρχοντες.
358 1729 564 1811 Ἑστρατήγεον
581 1732 610 1789 δὲ
623 1730 726 1790 τούτων
738 1757 769 1790 τε
784 1732 829 1789 καὶ
842 1735 891 1789 τοῦ
906 1729 976 1806 σύμ·
987 1731 1024 1787 82

176 1842 279 1880 παντος
293 1823 414 1894 στρατοῦ
427 1823 477 1877 τοῦ
490 1821 574 1889 πεζοῦ
586 1819 745 1896 Μαρδόνιός
757 1845 788 1879 τε
802 1819 817 1879 ὁ
832 1818 977 1895 Γωβρύεω,

177 1905 222 1962 καὶ
238 1908 460 1985 Τριτανταίχμης
473 1907 488 1965 ὁ
503 1907 680 1982 Ἀρταβάνου
700 1913 750 1967 τοῦ
767 1907 881 1989 ’γνώμην
900 1908 977 1984 θεμέ-

176 2019 224 2052 νου
244 1993 284 2070 μή
306 1995 509 2070 στρατεύεσθαι
524 1995 569 2053 ἐπὶ
582 1995 634 2070 τήν
646 1994 781 2064 Ἑλλάδα,
797 1997 843 2053 καὶ
857 1996 977 2071 Σμερδο-

175 2083 259 2157 μένης
281 2081 598 2158 θὈτάνεω-Δαρείου
620 2083 776 2159 ἀμφότεροι
798 2081 875 2141 οὗτοι
896 2080 976 2140 α’δελ-

177 2173 252 2242 φεῶν
265 2171 368 2238 παῖδες,
380 2171 471 2248 Ξέρξη
486 2171 514 2228 δὲ
529 2170 652 2249 ἐγίνοντο
673 2169 869 2248 ἀνεψιοὶ-καὶ
882 2172 977 2230 Μασί-

176 2283 246 2332 στης
262 2258 278 2316 ὁ
293 2259 412 2333 Δαρείου
426 2284 456 2316 τε
471 2258 517 2315 καὶ
529 2257 673 2332 Ἀτόσσης
693 2261 766 2328 παῖς,
782 2259 827 2316 καὶ
843 2258 941 2338 Γέργις
961 2257 976 2318 ὁ

175 2343 295 2420 Ἀρίζου,
315 2346 360 2403 καὶ
381 2345 552 2426 Μεγάβυζος
574 2344 590 2404 ὅ
610 2345 752 2422 Ζωπύρου.
796 2343 882 2405 Οὗτοι
903 2345 977 2421 ἦσαν
986 2350 1024 2405 83

176 2434 331 2514 στρατηγοὶ
343 2437 393 2492 τοῦ
407 2434 568 2510 σύμπαντος
582 2437 705 2511 στρατοῦ
719 2435 812 2507 πεζοῦ,
827 2435 910 2514 χωρὶς
923 2439 977 2494 τῶν

175 2524 288 2599 μυρίων·
309 2525 364 2582 τῶν
386 2523 415 2581 δέ
436 2523 540 2600 μυρίων
561 2523 664 2582 τούτων
686 2524 819 2600 Περσέων
836 2528 890 2583 τῶν
910 2521 975 2582 άπο·

176 2613 350 2692 λελεγμένων
372 2611 539 2692 ἐστρατήγεε
560 2614 610 2689 μὲν
628 2611 761 2689 Ὑδάρνης
784 2611 800 2671 ό
820 2611 974 2689 Ὑδάρνεος·

177 2701 324 2759 ἐκαλέοντο
341 2701 370 2758 δέ
382 2699 533 2760 Ἀθάνατοι
552 2705 578 2759 οἱ
592 2702 704 2777 Πέρσαι
725 2698 801 2760 οὗτοι
823 2701 868 2759 ἐπὶ
886 2701 975 2760 τοῦδε·

177 2787 255 2849 εἴτις
268 2787 357 2846 αὐτῶν
374 2789 483 2857 ἐξέλιπε
503 2788 553 2848 τόν
573 2787 692 2866 άριθμὸν
705 2788 723 2864 ἢ
738 2789 845 2867 θανάτῳ
866 2789 976 2864 βιηθεὶς

176 2870 194 2945 ἦ
208 2873 305 2952 νούσῳ,
320 2875 409 2938 ἄλλος
423 2876 492 2953 άνηρ
506 2876 648 2954 ἀραίρητο·
671 2878 716 2935 καὶ
730 2878 853 2958 ἐγίνοντο
867 2875 976 2951 οὐδαμά

177 2958 240 3018 οὔτε
260 2964 376 3025 πλεῦνες
396 2966 499 3041 μυρίων
522 2963 584 3024 οὔτε
609 2964 772 3028 ἐλάσσονες.
815 2963 922 3039 κόσμον
947 2963 976 3021 δέ

176 3051 313 3109 πλεῖστον
330 3052 497 3128 παρείχοντο
518 3053 563 3111 διά
579 3052 689 3112 πάντων
703 3054 823 3130 Πέρσαι,
838 3052 884 3109 καὶ
898 3050 976 3110 αὐτοὶ

176 3133 288 3211 άριστοι
301 3136 383 3212 ἦσαν·
405 3140 508 3215 σκευήν
521 3144 573 3217 μὲν
586 3140 716 3216 τοιαύτην
730 3141 807 3219 εἶχον
819 3139 890 3214 ἥπερ
906 3139 976 3214 εἴρη-

176 3249 231 3284 ται·
251 3225 336 3304 χωρὶς
355 3224 392 3294 δέ,
406 3227 514 3305 χρυσόν
527 3255 557 3286 τε
570 3229 681 3288 πολλάν
695 3230 740 3286 καὶ
754 3226 879 3302 ἄφθονον
900 3227 975 3304 ἔχον-

176 3337 221 3375 τες
233 3314 390 3390 ἐνέπρεπον,
405 3314 570 3390 ἁρμαμάξας
581 3343 612 3375 τε
630 3315 690 3392 ἅμα
703 3315 805 3395 ἤγοντο
819 3320 848 3374 ἐν
861 3314 890 3372 δὲ
904 3319 976 3372 παλ-
