<?xml version="1.0" encoding="UTF-8"?>
<!DOCTYPE html PUBLIC "-//W3C//DTD XHTML 1.0 Transitional//EN"
    "http://www.w3.org/TR/xhtml1/DTD/xhtml1-transitional.dtd">
<html xmlns="http://www.w3.org/1999/xhtml" xml:lang="en" lang="en">
 <head>
  <title>
</title>
<meta http-equiv="Content-Type" content="text/html;charset=utf-8" />
  <meta name='ocr-system' content='tesseract 3.04.00' />
  <meta name='ocr-capabilities' content='ocr_page ocr_carea ocr_par ocr_line ocrx_word'/>
</head>
<body>
  <div class='ocr_page' id='page_1' title='image "./herodotusrecens02blakgoog_0212.png"; bbox 0 0 2278 3538; ppageno 0'>
   <div class='ocr_carea' id='block_1_1' title="bbox 44 159 977 3404">
    <p class='ocr_par' dir='ltr' id='par_1_1' title="bbox 169 159 973 1112">
     <span class='ocr_line' id='line_1_1' title="bbox 171 159 968 224; baseline 0.001 -17"><span class='ocrx_word' id='word_1_1' title='bbox 171 159 217 209; x_wconf 77' lang='grc'>194</span> <span class='ocrx_word' id='word_1_2' title='bbox 343 183 345 188; x_wconf 74' lang='grc'>’</span> <span class='ocrx_word' id='word_1_3' title='bbox 477 159 658 210; x_wconf 68' lang='grc' dir='ltr'><strong>ἨΡΟΔΟΤΟΎ</strong></span> <span class='ocrx_word' id='word_1_4' title='bbox 893 159 968 224; x_wconf 85' lang='lat' dir='ltr'>[VH.</span> 
     </span>
     <span class='ocr_line' id='line_1_2' title="bbox 170 239 969 316; baseline 0.001 -18"><span class='ocrx_word' id='word_1_5' title='bbox 170 244 269 313; x_wconf 74' lang='grc' dir='ltr'>σφεας,</span> <span class='ocrx_word' id='word_1_6' title='bbox 296 245 379 298; x_wconf 88' lang='grc' dir='ltr'>τοῦτο</span> <span class='ocrx_word' id='word_1_7' title='bbox 405 239 638 316; x_wconf 74' lang='grc' dir='ltr'>προεφυλάξαντο</span> <span class='ocrx_word' id='word_1_8' title='bbox 665 242 691 298; x_wconf 79' lang='grc' dir='ltr'>οἱ</span> <span class='ocrx_word' id='word_1_9' title='bbox 717 242 832 303; x_wconf 80' lang='grc' dir='ltr'>Φωκέες·</span> <span class='ocrx_word' id='word_1_10' title='bbox 867 240 913 298; x_wconf 80' lang='grc' dir='ltr'>καὶ</span> <span class='ocrx_word' id='word_1_11' title='bbox 936 241 969 300; x_wconf 81' lang='grc' dir='ltr'>τῦ</span> 
     </span>
     <span class='ocr_line' id='line_1_3' title="bbox 169 325 972 404; baseline 0.002 -19"><span class='ocrx_word' id='word_1_12' title='bbox 169 325 240 403; x_wconf 78' lang='grc' dir='ltr'>ὕδωρ</span> <span class='ocrx_word' id='word_1_13' title='bbox 261 326 293 386; x_wconf 85' lang='grc' dir='ltr'>τό</span> <span class='ocrx_word' id='word_1_14' title='bbox 315 327 417 404; x_wconf 77' lang='grc' dir='ltr'>θερμὸν</span> <span class='ocrx_word' id='word_1_15' title='bbox 432 328 496 387; x_wconf 91' lang='grc' dir='ltr'>τότε</span> <span class='ocrx_word' id='word_1_16' title='bbox 516 333 621 403; x_wconf 78' lang='grc' dir='ltr'>ἐπῆκαν</span> <span class='ocrx_word' id='word_1_17' title='bbox 641 328 686 386; x_wconf 82' lang='grc' dir='ltr'>ἐπὶ</span> <span class='ocrx_word' id='word_1_18' title='bbox 703 327 754 404; x_wconf 81' lang='grc' dir='ltr'>τήν</span> <span class='ocrx_word' id='word_1_19' title='bbox 768 327 874 397; x_wconf 83' lang='grc' dir='ltr'>ἔσοδον,</span> <span class='ocrx_word' id='word_1_20' title='bbox 889 326 925 391; x_wconf 78' lang='grc' dir='ltr'>ὦς</span> <span class='ocrx_word' id='word_1_21' title='bbox 938 327 972 387; x_wconf 82' lang='grc' dir='ltr'>ἂν</span> 
     </span>
     <span class='ocr_line' id='line_1_4' title="bbox 169 414 972 495; baseline 0.007 -23"><span class='ocrx_word' id='word_1_22' title='bbox 169 414 361 493; x_wconf 84' lang='grc' dir='ltr'>χαραδρωθείη</span> <span class='ocrx_word' id='word_1_23' title='bbox 381 415 397 476; x_wconf 78' lang='grc' dir='ltr'>ὁ</span> <span class='ocrx_word' id='word_1_24' title='bbox 417 421 516 495; x_wconf 86' lang='grc' dir='ltr'>χιῦρος·</span> <span class='ocrx_word' id='word_1_25' title='bbox 537 421 594 476; x_wconf 83' lang='grc' dir='ltr'>πᾶν</span> <span class='ocrx_word' id='word_1_26' title='bbox 613 416 822 495; x_wconf 86' lang='grc' dir='ltr'>μηχανειύμενοι</span> <span class='ocrx_word' id='word_1_27' title='bbox 842 415 911 478; x_wconf 83' lang='grc' dir='ltr'>ὅκως</span> <span class='ocrx_word' id='word_1_28' title='bbox 930 417 972 493; x_wconf 86' lang='grc' dir='ltr'>μή</span> 
     </span>
     <span class='ocr_line' id='line_1_5' title="bbox 171 502 972 582; baseline 0.004 -21"><span class='ocrx_word' id='word_1_29' title='bbox 171 509 227 578; x_wconf 91' lang='grc' dir='ltr'>σφι</span> <span class='ocrx_word' id='word_1_30' title='bbox 241 502 394 579; x_wconf 75' lang='grc' dir='ltr'>ἐσβάλοιεν</span> <span class='ocrx_word' id='word_1_31' title='bbox 407 507 434 563; x_wconf 84' lang='grc' dir='ltr'>οἱ</span> <span class='ocrx_word' id='word_1_32' title='bbox 444 505 591 564; x_wconf 86' lang='grc' dir='ltr'>Θεσσαλοὶ</span> <span class='ocrx_word' id='word_1_33' title='bbox 605 505 652 564; x_wconf 86' lang='grc' dir='ltr'>ἐπὶ</span> <span class='ocrx_word' id='word_1_34' title='bbox 665 504 716 580; x_wconf 84' lang='grc' dir='ltr'>τήν</span> <span class='ocrx_word' id='word_1_35' title='bbox 729 503 831 582; x_wconf 80' lang='grc' dir='ltr'>χώρην·</span> <span class='ocrx_word' id='word_1_36' title='bbox 873 503 905 564; x_wconf 82' lang='grc' dir='ltr'>τδ</span> <span class='ocrx_word' id='word_1_37' title='bbox 919 505 972 581; x_wconf 86' lang='grc' dir='ltr'>μέν</span> 
     </span>
     <span class='ocr_line' id='line_1_6' title="bbox 170 591 972 670; baseline 0 -20"><span class='ocrx_word' id='word_1_38' title='bbox 170 617 218 650; x_wconf 88' lang='grc' dir='ltr'>νυν</span> <span class='ocrx_word' id='word_1_39' title='bbox 234 595 326 670; x_wconf 85' lang='grc' dir='ltr'>τεῖχος</span> <span class='ocrx_word' id='word_1_40' title='bbox 343 591 376 652; x_wconf 65' lang='lat' dir='ltr'>vo*</span> <span class='ocrx_word' id='word_1_41' title='bbox 393 591 510 670; x_wconf 78' lang='grc' dir='ltr'>ἀρχαῖον</span> <span class='ocrx_word' id='word_1_42' title='bbox 526 597 556 651; x_wconf 85' lang='grc' dir='ltr'>ἐκ</span> <span class='ocrx_word' id='word_1_43' title='bbox 576 597 699 651; x_wconf 79' lang='grc' dir='ltr'>παλαιοῦ</span> <span class='ocrx_word' id='word_1_44' title='bbox 718 618 750 652; x_wconf 92' lang='grc' dir='ltr'>τε</span> <span class='ocrx_word' id='word_1_45' title='bbox 771 592 911 669; x_wconf 86' lang='grc' dir='ltr'>ἐδέδμητο,</span> <span class='ocrx_word' id='word_1_46' title='bbox 925 593 972 651; x_wconf 91' lang='grc' dir='ltr'>καὶ</span> 
     </span>
     <span class='ocr_line' id='line_1_7' title="bbox 171 678 970 759; baseline 0 -21"><span class='ocrx_word' id='word_1_47' title='bbox 171 678 204 738; x_wconf 81' lang='grc' dir='ltr'>τῦ</span> <span class='ocrx_word' id='word_1_48' title='bbox 224 680 313 740; x_wconf 89' lang='grc' dir='ltr'>πλέον</span> <span class='ocrx_word' id='word_1_49' title='bbox 332 678 418 740; x_wconf 76' lang='grc' dir='ltr'>αὐτοῦ</span> <span class='ocrx_word' id='word_1_50' title='bbox 437 679 490 756; x_wconf 84' lang='grc' dir='ltr'>ἤδη</span> <span class='ocrx_word' id='word_1_51' title='bbox 513 679 569 740; x_wconf 79' lang='grc' dir='ltr'>ῦπδ</span> <span class='ocrx_word' id='word_1_52' title='bbox 589 680 692 759; x_wconf 85' lang='grc' dir='ltr'>χρόνου</span> <span class='ocrx_word' id='word_1_53' title='bbox 713 681 809 739; x_wconf 82' lang='grc' dir='ltr'>ἔκειτο·</span> <span class='ocrx_word' id='word_1_54' title='bbox 836 684 912 739; x_wconf 84' lang='grc' dir='ltr'>τοῖσι</span> <span class='ocrx_word' id='word_1_55' title='bbox 934 680 970 754; x_wconf 80' lang='grc' dir='ltr'>δὲ,</span> 
     </span>
     <span class='ocr_line' id='line_1_8' title="bbox 172 766 973 848; baseline 0.001 -23"><span class='ocrx_word' id='word_1_56' title='bbox 172 767 248 831; x_wconf 90' lang='grc' dir='ltr'>αῦτις</span> <span class='ocrx_word' id='word_1_57' title='bbox 275 766 430 844; x_wconf 83' lang='grc' dir='ltr'>ὄρθιύσασι,</span> <span class='ocrx_word' id='word_1_58' title='bbox 453 768 529 827; x_wconf 71' lang='grc' dir='ltr'>ἐδοέε</span> <span class='ocrx_word' id='word_1_59' title='bbox 555 769 641 848; x_wconf 71' lang='grc' dir='ltr'>ταύτῃ</span> <span class='ocrx_word' id='word_1_60' title='bbox 668 767 822 845; x_wconf 79' lang='grc' dir='ltr'>ἀπαμύνειν</span> <span class='ocrx_word' id='word_1_61' title='bbox 846 767 901 826; x_wconf 79' lang='grc' dir='ltr'>άπδ</span> <span class='ocrx_word' id='word_1_62' title='bbox 921 771 973 844; x_wconf 73' lang='grc' dir='ltr'>τῆς</span> 
     </span>
     <span class='ocr_line' id='line_1_9' title="bbox 171 855 972 937; baseline 0 -23"><span class='ocrx_word' id='word_1_63' title='bbox 171 855 310 919; x_wconf 82' lang='grc' dir='ltr'>Ἑλλάδος</span> <span class='ocrx_word' id='word_1_64' title='bbox 329 855 378 915; x_wconf 82' lang='grc' dir='ltr'>τόν</span> <span class='ocrx_word' id='word_1_65' title='bbox 398 855 557 933; x_wconf 73' lang='grc' dir='ltr'>βάρβαρον.</span> <span class='ocrx_word' id='word_1_66' title='bbox 600 857 677 934; x_wconf 85' lang='grc' dir='ltr'>κύμη</span> <span class='ocrx_word' id='word_1_67' title='bbox 699 856 730 916; x_wconf 88' lang='grc' dir='ltr'>δέ</span> <span class='ocrx_word' id='word_1_68' title='bbox 749 861 810 916; x_wconf 84' lang='grc' dir='ltr'>ἐστι</span> <span class='ocrx_word' id='word_1_69' title='bbox 826 855 972 937; x_wconf 89' lang='grc' dir='ltr'>υἷγχοτάτω</span> 
     </span>
     <span class='ocr_line' id='line_1_10' title="bbox 172 943 972 1022; baseline 0.001 -21"><span class='ocrx_word' id='word_1_70' title='bbox 172 948 222 1018; x_wconf 84' lang='grc' dir='ltr'>τῆς</span> <span class='ocrx_word' id='word_1_71' title='bbox 235 943 309 1014; x_wconf 86' lang='grc' dir='ltr'>ὁδοῦ,</span> <span class='ocrx_word' id='word_1_72' title='bbox 322 943 460 1020; x_wconf 85' lang='grc' dir='ltr'>Ἀλπηνοὶ</span> <span class='ocrx_word' id='word_1_73' title='bbox 479 944 592 1022; x_wconf 78' lang='grc' dir='ltr'>οὕνομα·</span> <span class='ocrx_word' id='word_1_74' title='bbox 614 949 644 1004; x_wconf 88' lang='grc' dir='ltr'>ἐκ</span> <span class='ocrx_word' id='word_1_75' title='bbox 662 944 763 1020; x_wconf 85' lang='grc' dir='ltr'>ταύτης</span> <span class='ocrx_word' id='word_1_76' title='bbox 783 945 813 1003; x_wconf 83' lang='grc' dir='ltr'>δὲ</span> <span class='ocrx_word' id='word_1_77' title='bbox 830 948 972 1004; x_wconf 85' lang='grc' dir='ltr'>ἐπισιτιεῖ-</span> 
     </span>
     <span class='ocr_line' id='line_1_11' title="bbox 173 1031 612 1112; baseline 0.005 -22"><span class='ocrx_word' id='word_1_78' title='bbox 173 1033 243 1091; x_wconf 88' lang='grc' dir='ltr'>σθαι</span> <span class='ocrx_word' id='word_1_79' title='bbox 256 1032 415 1112; x_wconf 78' lang='grc' dir='ltr'>ἐλογίζοντο</span> <span class='ocrx_word' id='word_1_80' title='bbox 429 1031 612 1109; x_wconf 85' lang='grc' dir='ltr'>οἶἜλληνες.</span> 
     </span>
    </p>

    <p class='ocr_par' dir='ltr' id='par_1_2' title="bbox 44 1118 972 1814">
     <span class='ocr_line' id='line_1_12' title="bbox 44 1118 972 1200; baseline 0.002 -25"><span class='ocrx_word' id='word_1_81' title='bbox 44 1171 47 1175; x_wconf 92' lang='grc'>.</span> <span class='ocrx_word' id='word_1_82' title='bbox 127 1119 184 1180; x_wconf 83' lang='grc'>177</span> <span class='ocrx_word' id='word_1_83' title='bbox 229 1123 265 1180; x_wconf 80' lang='grc' dir='ltr'>Οἱ</span> <span class='ocrx_word' id='word_1_84' title='bbox 277 1121 329 1197; x_wconf 89' lang='grc' dir='ltr'>μέν</span> <span class='ocrx_word' id='word_1_85' title='bbox 342 1123 486 1200; x_wconf 85' lang='grc' dir='ltr'>νυνχιῦροι</span> <span class='ocrx_word' id='word_1_86' title='bbox 499 1118 576 1180; x_wconf 85' lang='grc' dir='ltr'>οὗτοι</span> <span class='ocrx_word' id='word_1_87' title='bbox 588 1120 800 1196; x_wconf 84' lang='grc' dir='ltr'>τοῖσιἝλλησι</span> <span class='ocrx_word' id='word_1_88' title='bbox 814 1120 883 1179; x_wconf 87' lang='grc' dir='ltr'>εἶναι</span> <span class='ocrx_word' id='word_1_89' title='bbox 893 1121 972 1191; x_wconf 85' lang='grc' dir='ltr'>ἐφαί-</span> 
     </span>
     <span class='ocr_line' id='line_1_13' title="bbox 172 1207 972 1290; baseline -0.003 -22"><span class='ocrx_word' id='word_1_90' title='bbox 172 1233 253 1268; x_wconf 85' lang='grc' dir='ltr'>νοντα</span> <span class='ocrx_word' id='word_1_91' title='bbox 281 1207 427 1284; x_wconf 82' lang='grc' dir='ltr'>ἐπιτήδεοι·</span> <span class='ocrx_word' id='word_1_92' title='bbox 454 1207 563 1268; x_wconf 80' lang='grc' dir='ltr'>ἅπαντα</span> <span class='ocrx_word' id='word_1_93' title='bbox 588 1208 643 1290; x_wconf 76' lang='grc' dir='ltr'>γάρ</span> <span class='ocrx_word' id='word_1_94' title='bbox 669 1208 904 1286; x_wconf 84' lang='grc' dir='ltr'>προσκεψάμενοι,</span> <span class='ocrx_word' id='word_1_95' title='bbox 926 1209 972 1266; x_wconf 84' lang='grc' dir='ltr'>καὶ</span> 
     </span>
     <span class='ocr_line' id='line_1_14' title="bbox 173 1295 972 1378; baseline 0 -24"><span class='ocrx_word' id='word_1_96' title='bbox 173 1297 399 1378; x_wconf 76' lang='grc' dir='ltr'>ἐπιλογισθέντες</span> <span class='ocrx_word' id='word_1_97' title='bbox 419 1295 461 1357; x_wconf 84' lang='grc' dir='ltr'>ὅτι</span> <span class='ocrx_word' id='word_1_98' title='bbox 480 1296 543 1356; x_wconf 86' lang='grc' dir='ltr'>οῦτε</span> <span class='ocrx_word' id='word_1_99' title='bbox 562 1297 665 1373; x_wconf 90' lang='grc' dir='ltr'>πλήθει</span> <span class='ocrx_word' id='word_1_100' title='bbox 687 1297 780 1366; x_wconf 78' lang='grc' dir='ltr'>ἕξουσι</span> <span class='ocrx_word' id='word_1_101' title='bbox 799 1297 925 1375; x_wconf 81' lang='grc' dir='ltr'>χρᾶσθαι</span> <span class='ocrx_word' id='word_1_102' title='bbox 946 1299 972 1355; x_wconf 84' lang='grc' dir='ltr'>οἱ</span> 
     </span>
     <span class='ocr_line' id='line_1_15' title="bbox 172 1383 972 1464; baseline 0.001 -23"><span class='ocrx_word' id='word_1_103' title='bbox 172 1383 319 1462; x_wconf 85' lang='grc' dir='ltr'>βάρβαροι</span> <span class='ocrx_word' id='word_1_104' title='bbox 335 1383 398 1444; x_wconf 88' lang='grc' dir='ltr'>οῦτε</span> <span class='ocrx_word' id='word_1_105' title='bbox 416 1385 499 1464; x_wconf 81' lang='grc' dir='ltr'>ἵππῳ,</span> <span class='ocrx_word' id='word_1_106' title='bbox 515 1384 602 1464; x_wconf 80' lang='grc' dir='ltr'>ταύτῃ</span> <span class='ocrx_word' id='word_1_107' title='bbox 618 1391 674 1460; x_wconf 88' lang='grc' dir='ltr'>σφι</span> <span class='ocrx_word' id='word_1_108' title='bbox 690 1385 765 1453; x_wconf 79' lang='grc' dir='ltr'>ἔδοξε</span> <span class='ocrx_word' id='word_1_109' title='bbox 781 1384 910 1444; x_wconf 87' lang='grc' dir='ltr'>δέκεσθαι</span> <span class='ocrx_word' id='word_1_110' title='bbox 922 1383 972 1443; x_wconf 79' lang='grc' dir='ltr'>τᾶν</span> 
     </span>
     <span class='ocr_line' id='line_1_16' title="bbox 174 1471 971 1550; baseline 0 -20"><span class='ocrx_word' id='word_1_111' title='bbox 174 1472 287 1532; x_wconf 88' lang='grc' dir='ltr'>ἐπιόντα</span> <span class='ocrx_word' id='word_1_112' title='bbox 303 1474 349 1532; x_wconf 82' lang='grc' dir='ltr'>ἐπὶ</span> <span class='ocrx_word' id='word_1_113' title='bbox 364 1473 416 1548; x_wconf 80' lang='grc' dir='ltr'>τήν</span> <span class='ocrx_word' id='word_1_114' title='bbox 428 1472 563 1532; x_wconf 85' lang='grc' dir='ltr'>Ἑλλάδα·</span> <span class='ocrx_word' id='word_1_115' title='bbox 591 1473 627 1536; x_wconf 80' lang='grc' dir='ltr'>ὦς</span> <span class='ocrx_word' id='word_1_116' title='bbox 642 1473 671 1532; x_wconf 84' lang='grc' dir='ltr'>δέ</span> <span class='ocrx_word' id='word_1_117' title='bbox 688 1472 822 1532; x_wconf 80' lang='grc' dir='ltr'>ἐπύθοντο</span> <span class='ocrx_word' id='word_1_118' title='bbox 837 1471 886 1532; x_wconf 84' lang='grc' dir='ltr'>τὸν</span> <span class='ocrx_word' id='word_1_119' title='bbox 899 1473 971 1550; x_wconf 80' lang='grc' dir='ltr'>Πέρ</span> 
     </span>
     <span class='ocr_line' id='line_1_17' title="bbox 173 1560 970 1639; baseline 0 -19"><span class='ocrx_word' id='word_1_120' title='bbox 173 1585 228 1636; x_wconf 92' lang='grc' dir='ltr'>σην</span> <span class='ocrx_word' id='word_1_121' title='bbox 250 1560 330 1620; x_wconf 86' lang='grc' dir='ltr'>ἐόντα</span> <span class='ocrx_word' id='word_1_122' title='bbox 351 1566 379 1620; x_wconf 88' lang='grc' dir='ltr'>ἐν</span> <span class='ocrx_word' id='word_1_123' title='bbox 401 1562 510 1639; x_wconf 82' lang='grc' dir='ltr'>Πιερίῃ,</span> <span class='ocrx_word' id='word_1_124' title='bbox 527 1561 700 1622; x_wconf 79' lang='grc' dir='ltr'>διαλυθέντες</span> <span class='ocrx_word' id='word_1_125' title='bbox 722 1566 752 1619; x_wconf 91' lang='grc' dir='ltr'>ἐκ</span> <span class='ocrx_word' id='word_1_126' title='bbox 773 1565 823 1620; x_wconf 88' lang='grc' dir='ltr'>τοῦ</span> <span class='ocrx_word' id='word_1_127' title='bbox 844 1561 970 1637; x_wconf 83' lang='grc' dir='ltr'>Ἰσθμοῦ,</span> 
     </span>
     <span class='ocr_line' id='line_1_18' title="bbox 175 1647 969 1726; baseline 0.001 -20"><span class='ocrx_word' id='word_1_128' title='bbox 175 1647 374 1724; x_wconf 77' lang='grc' dir='ltr'>ἐστρατεύοντο</span> <span class='ocrx_word' id='word_1_129' title='bbox 398 1647 487 1708; x_wconf 77' lang='grc' dir='ltr'>αὐτῶν</span> <span class='ocrx_word' id='word_1_130' title='bbox 511 1651 537 1706; x_wconf 84' lang='grc' dir='ltr'>οἱ</span> <span class='ocrx_word' id='word_1_131' title='bbox 560 1651 611 1725; x_wconf 76' lang='grc' dir='ltr'>μὲν</span> <span class='ocrx_word' id='word_1_132' title='bbox 636 1654 662 1712; x_wconf 83' lang='grc' dir='ltr'>ἐς</span> <span class='ocrx_word' id='word_1_133' title='bbox 683 1648 867 1726; x_wconf 81' lang='grc' dir='ltr'>Θερμοπύλας</span> <span class='ocrx_word' id='word_1_134' title='bbox 893 1649 969 1726; x_wconf 79' lang='grc' dir='ltr'>πεζῇ,</span> 
     </span>
     <span class='ocr_line' id='line_1_19' title="bbox 174 1734 809 1814; baseline 0.003 -20"><span class='ocrx_word' id='word_1_135' title='bbox 174 1734 259 1794; x_wconf 76' lang='grc' dir='ltr'>ἄλλοι</span> <span class='ocrx_word' id='word_1_136' title='bbox 273 1736 302 1795; x_wconf 89' lang='grc' dir='ltr'>δέ</span> <span class='ocrx_word' id='word_1_137' title='bbox 315 1762 384 1796; x_wconf 90' lang='grc' dir='ltr'>κατα</span> <span class='ocrx_word' id='word_1_138' title='bbox 399 1736 551 1797; x_wconf 87' lang='grc' dir='ltr'>θάλασσαν</span> <span class='ocrx_word' id='word_1_139' title='bbox 566 1736 608 1795; x_wconf 82' lang='grc' dir='ltr'>ἐπ’</span> <span class='ocrx_word' id='word_1_140' title='bbox 621 1736 809 1814; x_wconf 88' lang='grc' dir='ltr'>Ἀρτεμίσιον.</span> 
     </span>
    </p>

    <p class='ocr_par' dir='ltr' id='par_1_3' title="bbox 128 1821 976 3140">
     <span class='ocr_line' id='line_1_20' title="bbox 128 1821 973 1904; baseline -0.002 -21"><span class='ocrx_word' id='word_1_141' title='bbox 128 1825 185 1884; x_wconf 83' lang='grc'>178</span> <span class='ocrx_word' id='word_1_142' title='bbox 229 1827 265 1883; x_wconf 86' lang='grc' dir='ltr'>Οἱ</span> <span class='ocrx_word' id='word_1_143' title='bbox 284 1825 336 1900; x_wconf 88' lang='grc' dir='ltr'>μέν</span> <span class='ocrx_word' id='word_1_144' title='bbox 356 1824 389 1900; x_wconf 78' lang='grc' dir='ltr'>δή</span> <span class='ocrx_word' id='word_1_145' title='bbox 405 1823 543 1900; x_wconf 84' lang='grc' dir='ltr'>Ἕλληνες</span> <span class='ocrx_word' id='word_1_146' title='bbox 564 1826 635 1885; x_wconf 76' lang='grc' dir='ltr'>κατὰ</span> <span class='ocrx_word' id='word_1_147' title='bbox 653 1825 739 1904; x_wconf 87' lang='grc' dir='ltr'>τάχος</span> <span class='ocrx_word' id='word_1_148' title='bbox 760 1823 895 1901; x_wconf 84' lang='grc' dir='ltr'>ἐβοήθεον</span> <span class='ocrx_word' id='word_1_149' title='bbox 917 1821 973 1881; x_wconf 88' lang='grc' dir='ltr'>δια-</span> 
     </span>
     <span class='ocr_line' id='line_1_21' title="bbox 173 1913 972 1994; baseline 0.003 -24"><span class='ocrx_word' id='word_1_150' title='bbox 173 1913 330 1991; x_wconf 75' lang='grc' dir='ltr'>ταχθέντες.</span> <span class='ocrx_word' id='word_1_151' title='bbox 373 1913 485 1989; x_wconf 85' lang='grc' dir='ltr'>Δελφοὶ</span> <span class='ocrx_word' id='word_1_152' title='bbox 498 1913 521 1972; x_wconf 86' lang='grc' dir='ltr'>δ’</span> <span class='ocrx_word' id='word_1_153' title='bbox 535 1914 663 1994; x_wconf 84' lang='grc' dir='ltr'>ἐντούτῳ</span> <span class='ocrx_word' id='word_1_154' title='bbox 682 1917 720 1992; x_wconf 77' lang='grc' dir='ltr'>τῷ</span> <span class='ocrx_word' id='word_1_155' title='bbox 732 1913 822 1993; x_wconf 83' lang='grc' dir='ltr'>χρόνῳ</span> <span class='ocrx_word' id='word_1_156' title='bbox 836 1919 972 1993; x_wconf 84' lang='grc' dir='ltr'>ἐχρηστη-</span> 
     </span>
     <span class='ocr_line' id='line_1_22' title="bbox 172 2001 973 2083; baseline 0.001 -23"><span class='ocrx_word' id='word_1_157' title='bbox 172 2002 301 2078; x_wconf 85' lang='grc' dir='ltr'>ριάζοντο</span> <span class='ocrx_word' id='word_1_158' title='bbox 324 2007 363 2083; x_wconf 75' lang='grc' dir='ltr'>τῷ</span> <span class='ocrx_word' id='word_1_159' title='bbox 385 2005 445 2082; x_wconf 77' lang='grc' dir='ltr'>θεῷ,</span> <span class='ocrx_word' id='word_1_160' title='bbox 469 2001 539 2080; x_wconf 84' lang='grc' dir='ltr'>ῦπέρ</span> <span class='ocrx_word' id='word_1_161' title='bbox 566 2006 671 2062; x_wconf 81' lang='grc' dir='ltr'>ἑωυτῶν</span> <span class='ocrx_word' id='word_1_162' title='bbox 695 2003 741 2060; x_wconf 83' lang='grc' dir='ltr'>καὶ</span> <span class='ocrx_word' id='word_1_163' title='bbox 762 2007 812 2076; x_wconf 83' lang='grc' dir='ltr'>τῆς</span> <span class='ocrx_word' id='word_1_164' title='bbox 834 2001 973 2064; x_wconf 85' lang='grc' dir='ltr'>Ἑλλάδος</span> 
     </span>
     <span class='ocr_line' id='line_1_23' title="bbox 173 2089 972 2170; baseline 0.003 -23"><span class='ocrx_word' id='word_1_165' title='bbox 173 2091 420 2169; x_wconf 86' lang='grc' dir='ltr'>καταρρωδηκότες·</span> <span class='ocrx_word' id='word_1_166' title='bbox 449 2093 497 2151; x_wconf 92' lang='grc' dir='ltr'>καί</span> <span class='ocrx_word' id='word_1_167' title='bbox 518 2098 574 2168; x_wconf 91' lang='grc' dir='ltr'>σφι</span> <span class='ocrx_word' id='word_1_168' title='bbox 598 2092 724 2170; x_wconf 84' lang='grc' dir='ltr'>ἐχρήσθη</span> <span class='ocrx_word' id='word_1_169' title='bbox 748 2089 876 2166; x_wconf 84' lang='grc' dir='ltr'>α’νέμοισι</span> <span class='ocrx_word' id='word_1_170' title='bbox 899 2089 972 2169; x_wconf 87' lang='grc' dir='ltr'>εύχε-</span> 
     </span>
     <span class='ocr_line' id='line_1_24' title="bbox 173 2177 973 2262; baseline -0.004 -24"><span class='ocrx_word' id='word_1_171' title='bbox 173 2180 252 2239; x_wconf 88' lang='grc' dir='ltr'>σθαι·</span> <span class='ocrx_word' id='word_1_172' title='bbox 281 2180 422 2262; x_wconf 88' lang='grc' dir='ltr'>μεγάλους</span> <span class='ocrx_word' id='word_1_173' title='bbox 444 2179 500 2262; x_wconf 79' lang='grc' dir='ltr'>γάρ</span> <span class='ocrx_word' id='word_1_174' title='bbox 521 2179 635 2242; x_wconf 87' lang='grc' dir='ltr'>τούτους</span> <span class='ocrx_word' id='word_1_175' title='bbox 658 2180 774 2239; x_wconf 83' lang='grc' dir='ltr'>ἔσεσθαι</span> <span class='ocrx_word' id='word_1_176' title='bbox 797 2181 834 2256; x_wconf 77' lang='grc' dir='ltr'>τῇ</span> <span class='ocrx_word' id='word_1_177' title='bbox 854 2177 973 2236; x_wconf 84' lang='grc' dir='ltr'>Ἑλλάδι</span> 
     </span>
     <span class='ocr_line' id='line_1_25' title="bbox 174 2265 971 2348; baseline -0.003 -22"><span class='ocrx_word' id='word_1_178' title='bbox 174 2268 349 2348; x_wconf 86' lang='grc' dir='ltr'>συμμάχους.</span> <span class='ocrx_word' id='word_1_179' title='bbox 391 2269 503 2345; x_wconf 84' lang='grc' dir='ltr'>Δελφοὶ</span> <span class='ocrx_word' id='word_1_180' title='bbox 536 2268 566 2327; x_wconf 84' lang='grc' dir='ltr'>δὲ</span> <span class='ocrx_word' id='word_1_181' title='bbox 599 2267 742 2343; x_wconf 78' lang='grc' dir='ltr'>δεξάμενοι</span> <span class='ocrx_word' id='word_1_182' title='bbox 770 2265 803 2326; x_wconf 83' lang='grc' dir='ltr'>τδ</span> <span class='ocrx_word' id='word_1_183' title='bbox 829 2265 971 2342; x_wconf 84' lang='grc' dir='ltr'>μαντήϊον,</span> 
     </span>
     <span class='ocr_line' id='line_1_26' title="bbox 174 2354 973 2434; baseline -0.003 -19"><span class='ocrx_word' id='word_1_184' title='bbox 174 2361 271 2433; x_wconf 85' lang='grc' dir='ltr'>πριῦτα</span> <span class='ocrx_word' id='word_1_185' title='bbox 283 2359 341 2434; x_wconf 74' lang='grc' dir='ltr'>μὲν,</span> <span class='ocrx_word' id='word_1_186' title='bbox 354 2356 499 2432; x_wconf 86' lang='grc' dir='ltr'>Ἑλλήνων</span> <span class='ocrx_word' id='word_1_187' title='bbox 512 2360 588 2416; x_wconf 84' lang='grc' dir='ltr'>τοῖσι</span> <span class='ocrx_word' id='word_1_188' title='bbox 597 2356 801 2433; x_wconf 83' lang='grc' dir='ltr'>βουλομένοισι</span> <span class='ocrx_word' id='word_1_189' title='bbox 816 2354 885 2414; x_wconf 85' lang='grc' dir='ltr'>εἶναι</span> <span class='ocrx_word' id='word_1_190' title='bbox 899 2359 973 2413; x_wconf 89' lang='grc' dir='ltr'>ἐλευ-</span> 
     </span>
     <span class='ocr_line' id='line_1_27' title="bbox 175 2443 974 2526; baseline -0.004 -22"><span class='ocrx_word' id='word_1_191' title='bbox 175 2445 282 2521; x_wconf 91' lang='grc' dir='ltr'>θέροισι</span> <span class='ocrx_word' id='word_1_192' title='bbox 296 2444 460 2526; x_wconf 77' lang='grc' dir='ltr'>ἐξήγγειλαν</span> <span class='ocrx_word' id='word_1_193' title='bbox 472 2444 508 2504; x_wconf 77' lang='grc' dir='ltr'>τά</span> <span class='ocrx_word' id='word_1_194' title='bbox 521 2445 681 2523; x_wconf 87' lang='grc' dir='ltr'>χρησθέντα</span> <span class='ocrx_word' id='word_1_195' title='bbox 695 2443 817 2503; x_wconf 84' lang='grc' dir='ltr'>αύτοῖσι·</span> <span class='ocrx_word' id='word_1_196' title='bbox 859 2443 907 2501; x_wconf 90' lang='grc' dir='ltr'>καί</span> <span class='ocrx_word' id='word_1_197' title='bbox 918 2448 974 2518; x_wconf 92' lang='grc' dir='ltr'>σφι</span> 
     </span>
     <span class='ocr_line' id='line_1_28' title="bbox 174 2531 973 2612; baseline 0.004 -22"><span class='ocrx_word' id='word_1_198' title='bbox 174 2531 267 2594; x_wconf 86' lang='grc' dir='ltr'>δεινῶς</span> <span class='ocrx_word' id='word_1_199' title='bbox 285 2532 506 2609; x_wconf 87' lang='grc' dir='ltr'>καταρρωδέουσι</span> <span class='ocrx_word' id='word_1_200' title='bbox 523 2532 572 2592; x_wconf 79' lang='grc' dir='ltr'>τᾶν</span> <span class='ocrx_word' id='word_1_201' title='bbox 587 2532 739 2609; x_wconf 83' lang='grc' dir='ltr'>βάρβαρον</span> <span class='ocrx_word' id='word_1_202' title='bbox 755 2531 973 2612; x_wconf 82' lang='grc' dir='ltr'>ἐξαγγείλαντες,</span> 
     </span>
     <span class='ocr_line' id='line_1_29' title="bbox 173 2617 974 2698; baseline -0.002 -21"><span class='ocrx_word' id='word_1_203' title='bbox 173 2619 256 2698; x_wconf 88' lang='grc' dir='ltr'>χάριν</span> <span class='ocrx_word' id='word_1_204' title='bbox 266 2617 403 2680; x_wconf 69' lang='grc' dir='ltr'>ἀθάνατον</span> <span class='ocrx_word' id='word_1_205' title='bbox 417 2621 572 2680; x_wconf 87' lang='grc' dir='ltr'>κατέθεντο·</span> <span class='ocrx_word' id='word_1_206' title='bbox 593 2620 664 2696; x_wconf 71' lang='grc' dir='ltr'>μετὰ</span> <span class='ocrx_word' id='word_1_207' title='bbox 678 2619 811 2692; x_wconf 76' lang='grc' dir='ltr'>δὲταῦτα,</span> <span class='ocrx_word' id='word_1_208' title='bbox 826 2622 852 2677; x_wconf 85' lang='grc' dir='ltr'>οἱ</span> <span class='ocrx_word' id='word_1_209' title='bbox 863 2620 974 2692; x_wconf 88' lang='grc' dir='ltr'>Δελφοὶ</span> 
     </span>
     <span class='ocr_line' id='line_1_30' title="bbox 173 2707 974 2784; baseline -0.005 -18"><span class='ocrx_word' id='word_1_210' title='bbox 173 2710 250 2766; x_wconf 85' lang='grc' dir='ltr'>τοῖσι</span> <span class='ocrx_word' id='word_1_211' title='bbox 271 2707 400 2784; x_wconf 75' lang='grc' dir='ltr'>ἀνέμοισι</span> <span class='ocrx_word' id='word_1_212' title='bbox 421 2707 520 2784; x_wconf 87' lang='grc' dir='ltr'>βωμόν</span> <span class='ocrx_word' id='word_1_213' title='bbox 537 2733 568 2767; x_wconf 90' lang='grc' dir='ltr'>τε</span> <span class='ocrx_word' id='word_1_214' title='bbox 588 2707 724 2776; x_wconf 78' lang='grc' dir='ltr'>ἀπέδεξαν</span> <span class='ocrx_word' id='word_1_215' title='bbox 742 2713 771 2766; x_wconf 87' lang='grc' dir='ltr'>ἐν</span> <span class='ocrx_word' id='word_1_216' title='bbox 787 2707 865 2784; x_wconf 83' lang='grc' dir='ltr'>Θυίῃ,</span> <span class='ocrx_word' id='word_1_217' title='bbox 885 2709 974 2784; x_wconf 80' lang='grc' dir='ltr'>τῇπερ</span> 
     </span>
     <span class='ocr_line' id='line_1_31' title="bbox 174 2791 973 2877; baseline -0.006 -21"><span class='ocrx_word' id='word_1_218' title='bbox 174 2799 225 2870; x_wconf 80' lang='grc' dir='ltr'>τῆς</span> <span class='ocrx_word' id='word_1_219' title='bbox 242 2800 378 2871; x_wconf 83' lang='grc' dir='ltr'>Κηφισοῦ</span> <span class='ocrx_word' id='word_1_220' title='bbox 397 2794 533 2877; x_wconf 80' lang='grc' dir='ltr'>θυγατρδς</span> <span class='ocrx_word' id='word_1_221' title='bbox 550 2797 635 2871; x_wconf 84' lang='grc' dir='ltr'>Θυίης</span> <span class='ocrx_word' id='word_1_222' title='bbox 652 2795 685 2854; x_wconf 83' lang='grc' dir='ltr'>τῦ</span> <span class='ocrx_word' id='word_1_223' title='bbox 706 2793 819 2872; x_wconf 87' lang='grc' dir='ltr'>τέμενός</span> <span class='ocrx_word' id='word_1_224' title='bbox 841 2799 910 2863; x_wconf 85' lang='grc' dir='ltr'>ε’στι,</span> <span class='ocrx_word' id='word_1_225' title='bbox 933 2791 973 2852; x_wconf 82' lang='grc' dir='ltr'>ἐπ’</span> 
     </span>
     <span class='ocr_line' id='line_1_32' title="bbox 172 2879 974 2964; baseline -0.007 -18"><span class='ocrx_word' id='word_1_226' title='bbox 172 2879 208 2959; x_wconf 84' lang='grc' dir='ltr'>ἧς</span> <span class='ocrx_word' id='word_1_227' title='bbox 226 2884 272 2942; x_wconf 89' lang='grc' dir='ltr'>καὶ</span> <span class='ocrx_word' id='word_1_228' title='bbox 290 2883 305 2944; x_wconf 80' lang='grc' dir='ltr'>ὁ</span> <span class='ocrx_word' id='word_1_229' title='bbox 326 2889 416 2964; x_wconf 81' lang='grc' dir='ltr'>χῶρος</span> <span class='ocrx_word' id='word_1_230' title='bbox 434 2881 514 2947; x_wconf 82' lang='grc' dir='ltr'>οὗτος</span> <span class='ocrx_word' id='word_1_231' title='bbox 531 2882 583 2959; x_wconf 81' lang='grc' dir='ltr'>τήν</span> <span class='ocrx_word' id='word_1_232' title='bbox 602 2884 757 2959; x_wconf 85' lang='grc' dir='ltr'>ἐπωνυμίην</span> <span class='ocrx_word' id='word_1_233' title='bbox 777 2883 843 2961; x_wconf 79' lang='grc' dir='ltr'>ἔχει·</span> <span class='ocrx_word' id='word_1_234' title='bbox 865 2883 911 2940; x_wconf 86' lang='grc' dir='ltr'>καὶ</span> <span class='ocrx_word' id='word_1_235' title='bbox 930 2884 974 2942; x_wconf 88' lang='grc' dir='ltr'>θυ·</span> 
     </span>
     <span class='ocr_line' id='line_1_33' title="bbox 174 2969 976 3049; baseline -0.002 -19"><span class='ocrx_word' id='word_1_236' title='bbox 174 2972 260 3048; x_wconf 82' lang='grc' dir='ltr'>σίησί</span> <span class='ocrx_word' id='word_1_237' title='bbox 280 2979 372 3048; x_wconf 90' lang='grc' dir='ltr'>σφεας</span> <span class='ocrx_word' id='word_1_238' title='bbox 391 2971 538 3049; x_wconf 87' lang='grc' dir='ltr'>μετήῖσαν.</span> <span class='ocrx_word' id='word_1_239' title='bbox 580 2972 692 3046; x_wconf 84' lang='grc' dir='ltr'>Δελφοὶ</span> <span class='ocrx_word' id='word_1_240' title='bbox 715 2969 821 3047; x_wconf 78' lang='grc' dir='ltr'>μὲνδὴ</span> <span class='ocrx_word' id='word_1_241' title='bbox 849 2971 920 3029; x_wconf 80' lang='grc' dir='ltr'>κατά</span> <span class='ocrx_word' id='word_1_242' title='bbox 942 2969 976 3029; x_wconf 84' lang='grc' dir='ltr'>τῦ</span> 
     </span>
     <span class='ocr_line' id='line_1_34' title="bbox 174 3057 916 3140; baseline -0.007 -19"><span class='ocrx_word' id='word_1_243' title='bbox 174 3060 347 3140; x_wconf 85' lang='grc' dir='ltr'>χρηστήριον</span> <span class='ocrx_word' id='word_1_244' title='bbox 361 3061 400 3120; x_wconf 85' lang='grc' dir='ltr'>ἔτι</span> <span class='ocrx_word' id='word_1_245' title='bbox 415 3061 460 3119; x_wconf 86' lang='grc' dir='ltr'>καὶ</span> <span class='ocrx_word' id='word_1_246' title='bbox 473 3064 522 3120; x_wconf 88' lang='grc' dir='ltr'>νῦν</span> <span class='ocrx_word' id='word_1_247' title='bbox 533 3059 598 3122; x_wconf 82' lang='grc' dir='ltr'>τοῦς</span> <span class='ocrx_word' id='word_1_248' title='bbox 611 3057 727 3134; x_wconf 81' lang='grc' dir='ltr'>άνέμους</span> <span class='ocrx_word' id='word_1_249' title='bbox 741 3057 916 3118; x_wconf 83' lang='grc' dir='ltr'>ἱλάσκονται.</span> 
     </span>
    </p>

    <p class='ocr_par' dir='ltr' id='par_1_4' title="bbox 129 3145 977 3404">
     <span class='ocr_line' id='line_1_35' title="bbox 129 3145 977 3225; baseline 0 -17"><span class='ocrx_word' id='word_1_250' title='bbox 129 3150 185 3209; x_wconf 84' lang='grc'>179</span> <span class='ocrx_word' id='word_1_251' title='bbox 227 3147 262 3209; x_wconf 80' lang='lat'>‘0</span> <span class='ocrx_word' id='word_1_252' title='bbox 281 3150 311 3208; x_wconf 86' lang='grc' dir='ltr'>δέ</span> <span class='ocrx_word' id='word_1_253' title='bbox 327 3148 453 3211; x_wconf 76' lang='grc' dir='ltr'>ναυτικὰς</span> <span class='ocrx_word' id='word_1_254' title='bbox 470 3149 579 3225; x_wconf 78' lang='grc' dir='ltr'>Ξέρξεω</span> <span class='ocrx_word' id='word_1_255' title='bbox 597 3147 726 3225; x_wconf 86' lang='grc' dir='ltr'>στριιτός,</span> <span class='ocrx_word' id='word_1_256' title='bbox 749 3145 925 3225; x_wconf 80' lang='grc' dir='ltr'>ὄρμειύμενος</span> <span class='ocrx_word' id='word_1_257' title='bbox 947 3154 977 3208; x_wconf 89' lang='grc' dir='ltr'>ἐκ</span> 
     </span>
     <span class='ocr_line' id='line_1_36' title="bbox 175 3236 976 3317; baseline 0 -21"><span class='ocrx_word' id='word_1_258' title='bbox 175 3239 286 3315; x_wconf 88' lang='grc' dir='ltr'>Θέρμης</span> <span class='ocrx_word' id='word_1_259' title='bbox 298 3238 405 3307; x_wconf 86' lang='grc' dir='ltr'>πόλιος,</span> <span class='ocrx_word' id='word_1_260' title='bbox 419 3238 568 3314; x_wconf 86' lang='grc' dir='ltr'>παρέβαλε</span> <span class='ocrx_word' id='word_1_261' title='bbox 582 3239 664 3314; x_wconf 87' lang='grc' dir='ltr'>νηυσὶ</span> <span class='ocrx_word' id='word_1_262' title='bbox 677 3242 745 3317; x_wconf 79' lang='grc' dir='ltr'>τῇσι</span> <span class='ocrx_word' id='word_1_263' title='bbox 759 3236 862 3316; x_wconf 78' lang='grc' dir='ltr'>ἄριστα</span> <span class='ocrx_word' id='word_1_264' title='bbox 874 3236 976 3297; x_wconf 89' lang='grc' dir='ltr'>πλεού-</span> 
     </span>
     <span class='ocr_line' id='line_1_37' title="bbox 175 3326 975 3404; baseline -0.003 -20"><span class='ocrx_word' id='word_1_265' title='bbox 175 3351 247 3404; x_wconf 82' lang='grc' dir='ltr'>σῃσι</span> <span class='ocrx_word' id='word_1_266' title='bbox 260 3327 326 3385; x_wconf 90' lang='grc' dir='ltr'>δέκα</span> <span class='ocrx_word' id='word_1_267' title='bbox 340 3326 383 3386; x_wconf 79' lang='grc' dir='ltr'>ἰθύ</span> <span class='ocrx_word' id='word_1_268' title='bbox 395 3326 525 3389; x_wconf 75' lang='grc' dir='ltr'>Σκιάθου·</span> <span class='ocrx_word' id='word_1_269' title='bbox 547 3327 612 3386; x_wconf 85' lang='grc' dir='ltr'>ἔνθα</span> <span class='ocrx_word' id='word_1_270' title='bbox 625 3327 699 3401; x_wconf 84' lang='grc' dir='ltr'>ἦσαν</span> <span class='ocrx_word' id='word_1_271' title='bbox 713 3326 975 3402; x_wconf 76' lang='grc' dir='ltr'>προφυλάσσουσαι</span> 
     </span>
    </p>
   </div>
   <div class='ocr_carea' id='block_1_2' title="bbox 0 0 1147 3538">
    <p class='ocr_par' dir='ltr' id='par_1_5' title="bbox 0 0 1147 3538">
     <span class='ocr_line' id='line_1_38' title="bbox 0 0 1147 3538; baseline 0 0"><span class='ocrx_word' id='word_1_272' title='bbox 0 0 1147 3538; x_wconf 95' lang='lat' dir='ltr'> </span> 
     </span>
    </p>
   </div>
  </div>
 </body>
</html>
