2278 3538
171 125 218 173 τις
473 121 658 170 Ἥκοιοτοϊ
877 113 968 179 [vm

167 200 299 280 ὖστεραίη
317 199 408 278 ἡμέρῃ
428 201 473 258 ἐπὶ
491 200 524 259 τό
540 197 720 274 Ἀρτεμίσιον
737 193 913 266 ἐπελέξαντο·
934 193 970 255 τά

167 287 197 346 δέ
210 286 362 368 γράμματα
375 286 441 346 τόδε
456 289 544 366 ἔλεγε·
567 297 583 320 “
593 285 689 361 ἀνδρες
701 282 803 352 Ἴωνες,
818 283 850 341 οὐ
863 283 970 343 ποιέετε

168 375 259 434 δίκαια
286 376 331 434 ἐπὶ
358 375 423 438 τούς
449 376 570 452 πατέρας
596 371 819 449 στρατευόμενοι,
848 372 895 428 καὶ
918 371 970 447 τὴν

166 461 295 523 Ἑλλάδα
316 462 577 537 καταδουλούμενοι·
599 460 676 520 ἀλλά
692 459 819 536 μάλιστα
834 462 886 535 μὲν
901 460 971 538 πρός

167 552 259 630 ἡμέων
278 553 400 634 γίνεσθε·
430 557 453 611 εἶ
473 553 503 611 δὲ
523 551 588 627 ὖμῖν
609 555 670 610 ἐστι
690 552 776 608 τοῦτο’
793 547 834 625 μή
855 547 971 610 δυνατόν

167 645 294 718 ποιῆσαι,
315 641 395 718 όμέες
423 640 453 699 δὲ
474 641 514 700 ἐτι
535 640 580 697 καὶ
601 643 648 698 νῦν
669 642 698 696 ἐκ
719 641 769 696 τοῦ
792 637 882 713 μέσον
902 637 970 714 ἡμῖν

168 729 265 800 ἕζεσθε
287 731 332 788 καὶ
353 727 440 798 οὗτοὶ,
462 729 508 786 καὶ
527 731 582 787 τῶν
604 729 706 802 Καρῶν
726 725 823 785 δέεσθε
843 724 878 784 τά
899 723 970 784 αότά

167 815 232 892 ὑμῖν
259 818 371 876 ποιέειν·
414 821 438 875 εἰ
464 817 493 875 δέ
526 816 677 892 μηδέτερον
710 813 814 873 τούτων
849 811 908 873 οἶόν
939 839 970 873 τε

167 905 304 985 γίνεσθαι,
323 903 388 963 ἀλλ’
408 903 453 964 ὑπ’
470 904 621 986 ἀναγκαίης
636 904 751 980 μέζονος
771 903 934 980 κατέζευχθε
951 901 969 978 ἦ

168 992 241 1052 ὥστε
257 992 441 1062 ἀπίστοσθάι,
455 992 535 1070 ὑμέες
554 1018 588 1072 γε
605 997 634 1051 ἐν
649 1020 687 1074 τῳ
703 991 781 1071 ἔργῳ,
797 989 881 1049 ἐπεάν
898 1016 969 1066 συμ-

166 1081 321 1162 μίσγωμεν,
341 1082 543 1151 ἐθελοκακέετε,
561 1079 732 1156 μεμνημένοι
750 1077 793 1137 ὅτι
809 1076 857 1136 ἀπ’
878 1077 970 1153 ἡμέων

166 1169 300 1251 γεγόνατε
321 1171 366 1229 καὶ
388 1170 431 1230 ὅτι
453 1168 575 1248 ἀρχῆθεν
592 1168 611 1243 ἦ
629 1167 715 1245 ἔχθρη
737 1165 807 1243 πρός
827 1165 877 1225 τάν
897 1167 969 1244 βόρ-

167 1259 260 1335 βορον
280 1258 327 1318 ἀπ’
348 1258 437 1335 ὖμέων
457 1257 524 1334 ἡμῖν
546 1254 670 1338 γέγονε.”
711 1256 919 1331 Θεμιστοκλέης
939 1256 969 1316 δὲ

167 1351 254 1407 ταῦτα
278 1349 389 1429 ἔγραψε,
418 1346 521 1406 δοκέειν
545 1345 614 1422 ἐμοὶ,
640 1342 681 1403 ἐπ’
706 1342 852 1420 ἀμφότερα
876 1344 968 1404 νοέων·

169 1436 212 1495 ἶνα
225 1436 243 1512 ἢ
257 1435 381 1496 λαθόντα
397 1434 433 1494 τά
450 1435 604 1516 γράμματα
616 1433 743 1508 βασιλέα
752 1429 849 1494 Ἴωνας
862 1431 968 1512 ποιήσῃ

166 1525 353 1600 μεταβαλέειν
376 1523 421 1581 καὶ
442 1523 574 1603 γενέσθαι
595 1520 665 1597 πρός
682 1523 794 1590 ἑωυτῶν,
814 1518 841 1594 ἢ,
860 1521 921 1578 ἐπεί
938 1547 969 1580 τε

167 1610 312 1690 ἀνενειχθῇ
347 1612 392 1670 καὶ
422 1611 566 1688 διαβληθῇ
593 1610 663 1686 πρός
692 1609 805 1685 Ξέρξεα,
833 1607 969 1673 ἀπίστους

167 1698 273 1777 ποιήσῃ
307 1698 371 1762 τούς
391 1697 490 1760 Ἴωνας
516 1699 562 1756 καὶ
588 1701 644 1757 τῶν
673 1696 846 1775 ναυμαχιέων
871 1695 970 1760 αὖτοιλ·

169 1785 296 1865 ἀπόσχῃ.

120 1877 158 1936 23
209 1875 418 1950 Θεμιστοκλέης
430 1877 482 1951 μὲν
494 1878 582 1933 ταῦτα
602 1876 744 1954 ἐνέγραψε·
765 1876 842 1933 τοῖσι
855 1873 885 1933 δέ
897 1875 969 1952 βαρ-

167 1961 286 2040 βάροισι
319 1961 416 2023 αότίκα
444 1963 515 2038 μετά
549 1967 637 2022 ταῦτα
670 1964 760 2041 πλοίῳ
794 1960 864 2037 ἦλθε
899 1961 969 2040 ἀνὴρ

167 2051 320 2124 Ἱστιαιεύς,
335 2051 482 2134 ἀγγέλλων
498 2050 549 2112 τόν
567 2051 694 2128 δρησμὸν
714 2051 763 2110 τόν
784 2049 830 2109 ἀπ’
844 2049 969 2127 Ἀρτεμι-

170 2143 234 2200 σίου
257 2146 311 2202 τῶν
333 2141 486 2217 Ἑλλήνων.
529 2143 555 2199 οἱ
579 2140 602 2198 δ’
625 2138 670 2198 ὑπ’
695 2138 827 2214 ἀπιστίης
848 2139 897 2198 τόν
918 2142 970 2215 μὲν

167 2229 345 2312 ἀγγέλλοντα
361 2231 437 2310 εἶχον
457 2236 485 2290 ἐν
504 2233 626 2308 φυλακῇ,
642 2233 709 2304 νῆας
727 2228 757 2286 δὲ
773 2227 886 2305 ταχείας
904 2227 968 2286 α’πέ-

168 2323 285 2379 στειλαν
302 2320 558 2395 προκατοψομένας·
580 2315 809 2396 ἀπαγγειλάντων
823 2315 852 2374 δὲ
866 2316 970 2374 τούτων

167 2406 203 2464 τά
212 2405 254 2480 ἦν,
264 2406 334 2465 οὕτω
345 2406 378 2481 δὴ
391 2404 449 2480 ἅμα
462 2405 532 2484 ἡλίῳ
547 2405 719 2482 σκιδναμένῳ
730 2408 810 2463 πᾶσα
821 2403 839 2479 ἡ
851 2403 968 2480 στρατιῆ

168 2495 256 2552 ἐπλωε
276 2493 348 2568 ἀλῆς
371 2494 416 2551 ἐπὶ
432 2493 465 2552 τό
482 2492 669 2569 Ἀρτεμίσιον·
702 2491 865 2570 ἐπισχόντες
890 2491 919 2550 δέ
941 2497 970 2551 ἐν

167 2581 254 2658 τούτῳ
267 2585 304 2658 τῷ
317 2581 397 2658 χώρῳ
414 2581 498 2658 μέχρι
518 2582 607 2658 μέσου
625 2580 737 2658 ἡμέρης,
752 2580 786 2640 τό
801 2579 856 2639 ἀπό
870 2579 969 2638 τούτου

169 2669 275 2727 ἔπλωον
290 2674 316 2730 ἐς
331 2667 477 2743 Ἱστιαίην·
499 2668 661 2744 ἀπικόμενοι
675 2669 704 2727 δὲ
717 2668 769 2744 την
784 2668 870 2728 πόλιν
884 2669 971 2746 ἔσχον

167 2759 221 2814 τῶν
239 2755 399 2824 Ἱστιαιέων,
422 2757 467 2814 καὶ
488 2760 538 2832 τῆς
557 2756 711 2832 Ἐλλοπίης
733 2757 839 2833 μοίρης,
864 2760 916 2836 γῆς
939 2755 970 2814 δέ

167 2848 216 2920 τῆς
228 2843 430 2920 Ἱστιαιήτιδος,
444 2844 494 2907 τάς
507 2846 746 2922 παραθαλασσίας
765 2846 858 2921 κώμας
876 2844 970 2907 παίσας

168 2933 331 3010 ἐπέδραμον.

120 3022 159 3080 24
207 3019 345 3081 Ἐνθαΰτα
358 3022 387 3080 δέ
400 3020 504 3080 τούτων
515 3021 621 3090 ἐόντων,
633 3021 738 3095 Ξέρξης
752 3018 971 3096 ἑτοιμασάμενος

168 3107 204 3166 ταὶ
237 3110 300 3187 περὶ
334 3109 397 3171 τούς
424 3108 543 3184 νεκροός,
570 3109 674 3183 ἔπεμπε
704 3113 731 3168 ἐς
764 3107 815 3167 τόν
844 3109 970 3168 ναυτικὸν

169 3197 292 3271 στρατόν
311 3196 424 3272 κήρυκα·
445 3195 671 3271 προετοιμάσατο
690 3195 719 3252 δέ
735 3195 771 3252 τά
789 3221 811 3252 ε·
836 3195 900 3253 ὅσοι
920 3200 970 3254 τοῦ

168 3287 290 3358 στρατοῦ
313 3289 363 3342 τοῦ
386 3285 486 3342 ἑωυτοῦ
505 3281 580 3354 ἦσαν
598 3282 689 3358 νεκροὶ
708 3286 736 3340 ἐν
755 3284 970 3360 Θερμοπύλῃσι·
