<?xml version="1.0" encoding="UTF-8"?>
<!DOCTYPE html PUBLIC "-//W3C//DTD XHTML 1.0 Transitional//EN"
    "http://www.w3.org/TR/xhtml1/DTD/xhtml1-transitional.dtd">
<html xmlns="http://www.w3.org/1999/xhtml" xml:lang="en" lang="en">
 <head>
  <title>
</title>
<meta http-equiv="Content-Type" content="text/html;charset=utf-8" />
  <meta name='ocr-system' content='tesseract 3.04.00' />
  <meta name='ocr-capabilities' content='ocr_page ocr_carea ocr_par ocr_line ocrx_word'/>
</head>
<body>
  <div class='ocr_page' id='page_1' title='image "./herodotusrecens02blakgoog_0250.png"; bbox 0 0 2278 3538; ppageno 0'>
   <div class='ocr_carea' id='block_1_1' title="bbox 127 107 989 3362">
    <p class='ocr_par' dir='ltr' id='par_1_1' title="bbox 127 107 989 3362">
     <span class='ocr_line' id='line_1_1' title="bbox 174 107 973 188; baseline -0.003 -11"><span class='ocrx_word' id='word_1_1' title='bbox 174 130 223 178; x_wconf 76' lang='grc' dir='ltr'>ιω</span> <span class='ocrx_word' id='word_1_2' title='bbox 496 125 678 175; x_wconf 75' lang='grc' dir='ltr'>Ἦνοιουου</span> <span class='ocrx_word' id='word_1_3' title='bbox 879 107 973 188; x_wconf 81' lang='lat' dir='ltr'><strong>[vm.</strong></span> 
     </span>
     <span class='ocr_line' id='line_1_2' title="bbox 175 203 976 286; baseline -0.004 -21"><span class='ocrx_word' id='word_1_4' title='bbox 175 209 227 282; x_wconf 78' lang='grc' dir='ltr'>μὲν</span> <span class='ocrx_word' id='word_1_5' title='bbox 246 205 301 286; x_wconf 76' lang='grc' dir='ltr'>γὰρ</span> <span class='ocrx_word' id='word_1_6' title='bbox 318 209 373 266; x_wconf 76' lang='grc' dir='ltr'>τῶν</span> <span class='ocrx_word' id='word_1_7' title='bbox 393 204 508 264; x_wconf 84' lang='grc' dir='ltr'>Φωκέων</span> <span class='ocrx_word' id='word_1_8' title='bbox 530 209 558 267; x_wconf 89' lang='grc' dir='ltr'>ἐς</span> <span class='ocrx_word' id='word_1_9' title='bbox 576 203 613 263; x_wconf 85' lang='grc' dir='ltr'>τοὶ</span> <span class='ocrx_word' id='word_1_10' title='bbox 635 203 707 280; x_wconf 75' lang='grc' dir='ltr'>ἄκρα</span> <span class='ocrx_word' id='word_1_11' title='bbox 726 206 777 262; x_wconf 79' lang='grc' dir='ltr'>τοῦ</span> <span class='ocrx_word' id='word_1_12' title='bbox 798 207 976 280; x_wconf 83' lang='grc' dir='ltr'>Παρνησσοῦ</span> 
     </span>
     <span class='ocr_line' id='line_1_3' title="bbox 174 289 976 370; baseline 0 -20"><span class='ocrx_word' id='word_1_13' title='bbox 174 292 329 368; x_wconf 80' lang='grc' dir='ltr'>ἀνέβησαν·</span> <span class='ocrx_word' id='word_1_14' title='bbox 365 294 425 352; x_wconf 88' lang='grc' dir='ltr'>ἐστι</span> <span class='ocrx_word' id='word_1_15' title='bbox 447 293 476 351; x_wconf 81' lang='grc' dir='ltr'>δὲ</span> <span class='ocrx_word' id='word_1_16' title='bbox 499 293 545 349; x_wconf 88' lang='grc' dir='ltr'>καὶ</span> <span class='ocrx_word' id='word_1_17' title='bbox 568 291 696 368; x_wconf 83' lang='grc' dir='ltr'>ἐπιτηδέη</span> <span class='ocrx_word' id='word_1_18' title='bbox 720 290 853 370; x_wconf 77' lang='grc' dir='ltr'>δέξασθαι</span> <span class='ocrx_word' id='word_1_19' title='bbox 874 289 976 367; x_wconf 83' lang='grc' dir='ltr'>ὅμιλον</span> 
     </span>
     <span class='ocr_line' id='line_1_4' title="bbox 174 375 976 458; baseline 0 -18"><span class='ocrx_word' id='word_1_20' title='bbox 174 385 224 440; x_wconf 80' lang='grc' dir='ltr'>τοῦ</span> <span class='ocrx_word' id='word_1_21' title='bbox 236 385 410 458; x_wconf 84' lang='grc' dir='ltr'>Παρνησσοῦ</span> <span class='ocrx_word' id='word_1_22' title='bbox 421 381 439 456; x_wconf 78' lang='grc' dir='ltr'><em>ἦ</em></span> <span class='ocrx_word' id='word_1_23' title='bbox 451 379 559 458; x_wconf 79' lang='grc' dir='ltr'>κορυφὴ</span> <span class='ocrx_word' id='word_1_24' title='bbox 574 375 644 439; x_wconf 86' lang='grc' dir='ltr'>καταὶ</span> <span class='ocrx_word' id='word_1_25' title='bbox 654 380 753 439; x_wconf 87' lang='grc' dir='ltr'>Νέωνα</span> <span class='ocrx_word' id='word_1_26' title='bbox 765 379 851 438; x_wconf 90' lang='grc' dir='ltr'>πόλιν</span> <span class='ocrx_word' id='word_1_27' title='bbox 864 379 976 456; x_wconf 76' lang='grc' dir='ltr'>κειμένη</span> 
     </span>
     <span class='ocr_line' id='line_1_5' title="bbox 176 465 976 546; baseline -0.004 -18"><span class='ocrx_word' id='word_1_28' title='bbox 176 467 218 528; x_wconf 80' lang='grc' dir='ltr'>ἐπ’</span> <span class='ocrx_word' id='word_1_29' title='bbox 233 473 342 546; x_wconf 69' lang='grc' dir='ltr'>ἑωυτῆς·</span> <span class='ocrx_word' id='word_1_30' title='bbox 364 470 482 546; x_wconf 81' lang='grc' dir='ltr'>Τιθορέα</span> <span class='ocrx_word' id='word_1_31' title='bbox 496 467 601 544; x_wconf 76' lang='grc' dir='ltr'>οὔνομα</span> <span class='ocrx_word' id='word_1_32' title='bbox 617 466 698 546; x_wconf 73' lang='grc' dir='ltr'>αὐτῇ·</span> <span class='ocrx_word' id='word_1_33' title='bbox 719 472 746 530; x_wconf 91' lang='grc' dir='ltr'>ἐς</span> <span class='ocrx_word' id='word_1_34' title='bbox 758 465 811 542; x_wconf 68' lang='grc' dir='ltr'>τήν</span> <span class='ocrx_word' id='word_1_35' title='bbox 824 466 858 542; x_wconf 75' lang='grc' dir='ltr'>δὴ</span> <span class='ocrx_word' id='word_1_36' title='bbox 872 465 976 542; x_wconf 76' lang='grc' dir='ltr'>ἀνηνεί-</span> 
     </span>
     <span class='ocr_line' id='line_1_6' title="bbox 177 554 977 631; baseline -0.003 -15"><span class='ocrx_word' id='word_1_37' title='bbox 177 582 269 627; x_wconf 89' lang='grc' dir='ltr'>καντο,</span> <span class='ocrx_word' id='word_1_38' title='bbox 293 559 338 617; x_wconf 84' lang='grc' dir='ltr'>καὶ</span> <span class='ocrx_word' id='word_1_39' title='bbox 360 557 438 617; x_wconf 68' lang='grc' dir='ltr'>αὐτοὶ</span> <span class='ocrx_word' id='word_1_40' title='bbox 460 555 614 631; x_wconf 75' lang='grc' dir='ltr'>ἀνέβησαν·</span> <span class='ocrx_word' id='word_1_41' title='bbox 650 559 676 614; x_wconf 83' lang='grc' dir='ltr'>οἶ</span> <span class='ocrx_word' id='word_1_42' title='bbox 689 555 727 614; x_wconf 78' lang='grc' dir='ltr'>’δέ</span> <span class='ocrx_word' id='word_1_43' title='bbox 749 558 866 618; x_wconf 79' lang='grc' dir='ltr'>πλεῦνες</span> <span class='ocrx_word' id='word_1_44' title='bbox 886 554 977 614; x_wconf 73' lang='grc' dir='ltr'>αὐτῶν</span> 
     </span>
     <span class='ocr_line' id='line_1_7' title="bbox 177 642 977 721; baseline -0.004 -15"><span class='ocrx_word' id='word_1_45' title='bbox 177 649 205 709; x_wconf 91' lang='grc' dir='ltr'>ἐς</span> <span class='ocrx_word' id='word_1_46' title='bbox 220 646 284 709; x_wconf 74' lang='grc' dir='ltr'>τούς</span> <span class='ocrx_word' id='word_1_47' title='bbox 300 644 420 716; x_wconf 79' lang='grc' dir='ltr'>Ὀζόλας</span> <span class='ocrx_word' id='word_1_48' title='bbox 436 644 561 721; x_wconf 77' lang='grc' dir='ltr'>Λοκροδς</span> <span class='ocrx_word' id='word_1_49' title='bbox 582 644 787 720; x_wconf 81' lang='grc' dir='ltr'>ἐξεκομίσαντο,</span> <span class='ocrx_word' id='word_1_50' title='bbox 806 648 834 707; x_wconf 88' lang='grc' dir='ltr'>ἐς</span> <span class='ocrx_word' id='word_1_51' title='bbox 848 642 977 720; x_wconf 83' lang='grc' dir='ltr'>Ἀμφισ-</span> 
     </span>
     <span class='ocr_line' id='line_1_8' title="bbox 177 731 975 810; baseline -0.004 -17"><span class='ocrx_word' id='word_1_52' title='bbox 177 759 233 794; x_wconf 94' lang='grc' dir='ltr'>σαν</span> <span class='ocrx_word' id='word_1_53' title='bbox 243 735 335 802; x_wconf 87' lang='grc' dir='ltr'>πόλιν,</span> <span class='ocrx_word' id='word_1_54' title='bbox 346 733 397 810; x_wconf 83' lang='grc' dir='ltr'>τὴν</span> <span class='ocrx_word' id='word_1_55' title='bbox 405 731 473 810; x_wconf 79' lang='grc' dir='ltr'>θπέρ</span> <span class='ocrx_word' id='word_1_56' title='bbox 487 737 537 792; x_wconf 80' lang='grc' dir='ltr'>τοῦ</span> <span class='ocrx_word' id='word_1_57' title='bbox 548 733 687 808; x_wconf 83' lang='grc' dir='ltr'>Κρισαίου</span> <span class='ocrx_word' id='word_1_58' title='bbox 698 732 793 792; x_wconf 87' lang='grc' dir='ltr'>πεδίου</span> <span class='ocrx_word' id='word_1_59' title='bbox 807 733 975 808; x_wconf 84' lang='grc' dir='ltr'>οἰκεομένην,</span> 
     </span>
     <span class='ocr_line' id='line_1_9' title="bbox 127 819 977 900; baseline -0.001 -20"><span class='ocrx_word' id='word_1_60' title='bbox 127 881 128 886; x_wconf 65' lang='lat'>,</span> <span class='ocrx_word' id='word_1_61' title='bbox 178 824 205 880; x_wconf 79' lang='grc' dir='ltr'>οἱ</span> <span class='ocrx_word' id='word_1_62' title='bbox 228 823 258 880; x_wconf 85' lang='grc' dir='ltr'>δέ</span> <span class='ocrx_word' id='word_1_63' title='bbox 279 821 425 898; x_wconf 80' lang='grc' dir='ltr'>βάρβαροι</span> <span class='ocrx_word' id='word_1_64' title='bbox 445 821 497 897; x_wconf 78' lang='grc' dir='ltr'>τήν</span> <span class='ocrx_word' id='word_1_65' title='bbox 517 819 611 900; x_wconf 83' lang='grc' dir='ltr'>χαίρην</span> <span class='ocrx_word' id='word_1_66' title='bbox 632 823 729 879; x_wconf 80' lang='grc' dir='ltr'>πᾶσαν</span> <span class='ocrx_word' id='word_1_67' title='bbox 752 820 906 896; x_wconf 90' lang='grc' dir='ltr'>ἐπέδραμον</span> <span class='ocrx_word' id='word_1_68' title='bbox 925 820 977 894; x_wconf 74' lang='grc' dir='ltr'>τήν</span> 
     </span>
     <span class='ocr_line' id='line_1_10' title="bbox 177 907 976 990; baseline 0 -22"><span class='ocrx_word' id='word_1_69' title='bbox 177 911 295 969; x_wconf 84' lang='grc' dir='ltr'>Φωκίδα·</span> <span class='ocrx_word' id='word_1_70' title='bbox 327 910 474 969; x_wconf 84' lang='grc' dir='ltr'>Θεσσαλοὶ</span> <span class='ocrx_word' id='word_1_71' title='bbox 497 907 553 990; x_wconf 83' lang='grc' dir='ltr'>γαῖρ</span> <span class='ocrx_word' id='word_1_72' title='bbox 577 907 647 968; x_wconf 66' lang='grc' dir='ltr'>οὕτω</span> <span class='ocrx_word' id='word_1_73' title='bbox 673 907 743 989; x_wconf 84' lang='grc' dir='ltr'>ἦγον</span> <span class='ocrx_word' id='word_1_74' title='bbox 768 907 818 967; x_wconf 84' lang='grc' dir='ltr'>τόν</span> <span class='ocrx_word' id='word_1_75' title='bbox 844 907 976 984; x_wconf 81' lang='grc' dir='ltr'>στρατόν·</span> 
     </span>
     <span class='ocr_line' id='line_1_11' title="bbox 179 996 977 1078; baseline -0.003 -22"><span class='ocrx_word' id='word_1_76' title='bbox 179 997 269 1057; x_wconf 86' lang='grc' dir='ltr'>ὁκόσα</span> <span class='ocrx_word' id='word_1_77' title='bbox 282 998 312 1057; x_wconf 87' lang='grc' dir='ltr'>δέ</span> <span class='ocrx_word' id='word_1_78' title='bbox 326 998 455 1078; x_wconf 78' lang='grc' dir='ltr'>ἐπέσχον,</span> <span class='ocrx_word' id='word_1_79' title='bbox 469 997 560 1057; x_wconf 82' lang='grc' dir='ltr'>πάντα</span> <span class='ocrx_word' id='word_1_80' title='bbox 574 997 732 1077; x_wconf 78' lang='grc' dir='ltr'>ἐπέφλεγον</span> <span class='ocrx_word' id='word_1_81' title='bbox 745 996 791 1054; x_wconf 86' lang='grc' dir='ltr'>καὶ</span> <span class='ocrx_word' id='word_1_82' title='bbox 805 997 916 1072; x_wconf 82' lang='grc' dir='ltr'>ἔκειρον,</span> <span class='ocrx_word' id='word_1_83' title='bbox 931 997 977 1054; x_wconf 85' lang='grc' dir='ltr'>καὶ</span> 
     </span>
     <span class='ocr_line' id='line_1_12' title="bbox 131 1083 978 1162; baseline -0.004 -16"><span class='ocrx_word' id='word_1_84' title='bbox 131 1088 169 1146; x_wconf 85' lang='grc'>33</span> <span class='ocrx_word' id='word_1_85' title='bbox 179 1091 206 1148; x_wconf 86' lang='grc' dir='ltr'>ἐς</span> <span class='ocrx_word' id='word_1_86' title='bbox 223 1086 273 1149; x_wconf 75' lang='grc' dir='ltr'>τὰς</span> <span class='ocrx_word' id='word_1_87' title='bbox 289 1086 372 1150; x_wconf 85' lang='grc' dir='ltr'>πόλις</span> <span class='ocrx_word' id='word_1_88' title='bbox 392 1087 504 1149; x_wconf 85' lang='grc' dir='ltr'>ἐνιέντες</span> <span class='ocrx_word' id='word_1_89' title='bbox 519 1089 575 1162; x_wconf 83' lang='grc' dir='ltr'>πῦρ</span> <span class='ocrx_word' id='word_1_90' title='bbox 595 1086 640 1143; x_wconf 88' lang='grc' dir='ltr'>καὶ</span> <span class='ocrx_word' id='word_1_91' title='bbox 659 1091 686 1148; x_wconf 85' lang='grc' dir='ltr'>ἐς</span> <span class='ocrx_word' id='word_1_92' title='bbox 703 1085 738 1144; x_wconf 82' lang='grc' dir='ltr'>ταὶ</span> <span class='ocrx_word' id='word_1_93' title='bbox 759 1083 813 1162; x_wconf 82' lang='grc' dir='ltr'>ἱρό.</span> <span class='ocrx_word' id='word_1_94' title='bbox 856 1083 978 1161; x_wconf 87' lang='grc' dir='ltr'>Πορευό-</span> 
     </span>
     <span class='ocr_line' id='line_1_13' title="bbox 178 1171 978 1256; baseline -0.003 -22"><span class='ocrx_word' id='word_1_95' title='bbox 178 1199 257 1252; x_wconf 88' lang='grc' dir='ltr'>μενοι</span> <span class='ocrx_word' id='word_1_96' title='bbox 282 1174 338 1256; x_wconf 71' lang='grc' dir='ltr'>γὰρ</span> <span class='ocrx_word' id='word_1_97' title='bbox 364 1174 449 1253; x_wconf 79' lang='grc' dir='ltr'>ταύτῃ</span> <span class='ocrx_word' id='word_1_98' title='bbox 477 1174 553 1250; x_wconf 72' lang='grc' dir='ltr'>παρὰ</span> <span class='ocrx_word' id='word_1_99' title='bbox 582 1173 631 1232; x_wconf 80' lang='grc' dir='ltr'>τόν</span> <span class='ocrx_word' id='word_1_100' title='bbox 659 1172 816 1248; x_wconf 84' lang='grc' dir='ltr'>Κηφισσδν</span> <span class='ocrx_word' id='word_1_101' title='bbox 842 1171 978 1248; x_wconf 78' lang='grc' dir='ltr'>ποταμόν,</span> 
     </span>
     <span class='ocr_line' id='line_1_14' title="bbox 180 1260 978 1338; baseline -0.001 -17"><span class='ocrx_word' id='word_1_102' title='bbox 180 1263 287 1338; x_wconf 84' lang='grc' dir='ltr'>ἐδηίουν</span> <span class='ocrx_word' id='word_1_103' title='bbox 300 1263 398 1331; x_wconf 80' lang='grc' dir='ltr'>πάντα,</span> <span class='ocrx_word' id='word_1_104' title='bbox 414 1263 459 1321; x_wconf 87' lang='grc' dir='ltr'>καὶ</span> <span class='ocrx_word' id='word_1_105' title='bbox 473 1261 542 1321; x_wconf 85' lang='grc' dir='ltr'>καταὶ</span> <span class='ocrx_word' id='word_1_106' title='bbox 558 1264 610 1338; x_wconf 81' lang='grc' dir='ltr'>μὲν</span> <span class='ocrx_word' id='word_1_107' title='bbox 626 1263 745 1320; x_wconf 84' lang='grc' dir='ltr'>ἔκαυσαν</span> <span class='ocrx_word' id='word_1_108' title='bbox 759 1260 873 1337; x_wconf 78' lang='grc' dir='ltr'>Δρόμον</span> <span class='ocrx_word' id='word_1_109' title='bbox 885 1261 978 1330; x_wconf 91' lang='grc' dir='ltr'>πόλιν,</span> 
     </span>
     <span class='ocr_line' id='line_1_15' title="bbox 181 1348 980 1428; baseline -0.004 -19"><span class='ocrx_word' id='word_1_110' title='bbox 181 1351 251 1410; x_wconf 79' lang='grc' dir='ltr'>κατό</span> <span class='ocrx_word' id='word_1_111' title='bbox 270 1351 299 1409; x_wconf 87' lang='grc' dir='ltr'>δέ</span> <span class='ocrx_word' id='word_1_112' title='bbox 318 1351 475 1428; x_wconf 86' lang='grc' dir='ltr'>Χαρόδρην,</span> <span class='ocrx_word' id='word_1_113' title='bbox 490 1351 536 1408; x_wconf 81' lang='grc' dir='ltr'>καὶ</span> <span class='ocrx_word' id='word_1_114' title='bbox 546 1349 682 1428; x_wconf 84' lang='grc' dir='ltr'>Ἔρωχον,</span> <span class='ocrx_word' id='word_1_115' title='bbox 698 1350 743 1407; x_wconf 89' lang='grc' dir='ltr'>καὶ</span> <span class='ocrx_word' id='word_1_116' title='bbox 758 1348 919 1425; x_wconf 78' lang='grc' dir='ltr'>Τεθρώνιον,</span> <span class='ocrx_word' id='word_1_117' title='bbox 934 1349 980 1406; x_wconf 88' lang='grc' dir='ltr'>καὶ</span> 
     </span>
     <span class='ocr_line' id='line_1_16' title="bbox 176 1437 979 1515; baseline -0.004 -18"><span class='ocrx_word' id='word_1_118' title='bbox 176 1441 358 1515; x_wconf 73' lang='grc' dir='ltr'>Ἀμφίκαιαν,</span> <span class='ocrx_word' id='word_1_119' title='bbox 382 1440 427 1496; x_wconf 85' lang='grc' dir='ltr'>καὶ</span> <span class='ocrx_word' id='word_1_120' title='bbox 447 1438 552 1506; x_wconf 89' lang='grc' dir='ltr'>Νέωνα,</span> <span class='ocrx_word' id='word_1_121' title='bbox 578 1438 623 1496; x_wconf 87' lang='grc' dir='ltr'>καὶ</span> <span class='ocrx_word' id='word_1_122' title='bbox 642 1437 767 1506; x_wconf 87' lang='grc' dir='ltr'>Πεδιέας,</span> <span class='ocrx_word' id='word_1_123' title='bbox 790 1437 836 1494; x_wconf 89' lang='grc' dir='ltr'>καὶ</span> <span class='ocrx_word' id='word_1_124' title='bbox 858 1437 979 1513; x_wconf 82' lang='grc' dir='ltr'>Τριτέας,</span> 
     </span>
     <span class='ocr_line' id='line_1_17' title="bbox 182 1525 978 1602; baseline -0.005 -16"><span class='ocrx_word' id='word_1_125' title='bbox 182 1528 227 1586; x_wconf 86' lang='grc' dir='ltr'>καὶ</span> <span class='ocrx_word' id='word_1_126' title='bbox 247 1527 402 1596; x_wconf 74' lang='grc' dir='ltr'>Ἐλάτειαν,</span> <span class='ocrx_word' id='word_1_127' title='bbox 420 1527 466 1584; x_wconf 80' lang='grc' dir='ltr'>καὶ</span> <span class='ocrx_word' id='word_1_128' title='bbox 485 1525 651 1602; x_wconf 81' lang='grc' dir='ltr'>Ὑάμπολιν,</span> <span class='ocrx_word' id='word_1_129' title='bbox 669 1526 713 1583; x_wconf 82' lang='grc' dir='ltr'>καὶ</span> <span class='ocrx_word' id='word_1_130' title='bbox 734 1525 978 1602; x_wconf 87' lang='grc' dir='ltr'>Παραποταμίους,</span> 
     </span>
     <span class='ocr_line' id='line_1_18' title="bbox 182 1609 980 1690; baseline 0 -18"><span class='ocrx_word' id='word_1_131' title='bbox 182 1615 228 1672; x_wconf 85' lang='grc' dir='ltr'>καὶ</span> <span class='ocrx_word' id='word_1_132' title='bbox 249 1615 352 1690; x_wconf 77' lang='grc' dir='ltr'>Ἀβας·</span> <span class='ocrx_word' id='word_1_133' title='bbox 389 1615 453 1674; x_wconf 85' lang='grc' dir='ltr'>ἔνθα</span> <span class='ocrx_word' id='word_1_134' title='bbox 480 1609 515 1689; x_wconf 85' lang='grc' dir='ltr'>ἦν</span> <span class='ocrx_word' id='word_1_135' title='bbox 542 1614 601 1690; x_wconf 85' lang='grc' dir='ltr'>ίρόν</span> <span class='ocrx_word' id='word_1_136' title='bbox 626 1612 807 1676; x_wconf 87' lang='grc' dir='ltr'>Ἀπόλλωνος</span> <span class='ocrx_word' id='word_1_137' title='bbox 833 1612 980 1686; x_wconf 79' lang='grc' dir='ltr'>πλούσιον,</span> 
     </span>
     <span class='ocr_line' id='line_1_19' title="bbox 181 1699 980 1780; baseline -0.003 -18"><span class='ocrx_word' id='word_1_138' title='bbox 181 1703 353 1780; x_wconf 82' lang='grc' dir='ltr'>θησαυροῖσί</span> <span class='ocrx_word' id='word_1_139' title='bbox 363 1728 394 1762; x_wconf 85' lang='grc' dir='ltr'>τε</span> <span class='ocrx_word' id='word_1_140' title='bbox 409 1703 454 1760; x_wconf 86' lang='grc' dir='ltr'>καὶ</span> <span class='ocrx_word' id='word_1_141' title='bbox 468 1699 629 1778; x_wconf 78' lang='grc' dir='ltr'>α’ναθήμασι</span> <span class='ocrx_word' id='word_1_142' title='bbox 644 1706 781 1761; x_wconf 83' lang='grc' dir='ltr'>πολλοῖσι</span> <span class='ocrx_word' id='word_1_143' title='bbox 795 1709 980 1760; x_wconf 89' lang='grc' dir='ltr'>κατεσκευασ-</span> 
     </span>
     <span class='ocr_line' id='line_1_20' title="bbox 181 1788 982 1868; baseline 0 -20"><span class='ocrx_word' id='word_1_144' title='bbox 181 1791 274 1867; x_wconf 90' lang='grc' dir='ltr'>μένον·</span> <span class='ocrx_word' id='word_1_145' title='bbox 305 1789 339 1865; x_wconf 86' lang='grc' dir='ltr'>ἦν</span> <span class='ocrx_word' id='word_1_146' title='bbox 362 1789 392 1848; x_wconf 82' lang='grc' dir='ltr'>δὲ</span> <span class='ocrx_word' id='word_1_147' title='bbox 416 1790 462 1848; x_wconf 86' lang='grc' dir='ltr'>καὶ</span> <span class='ocrx_word' id='word_1_148' title='bbox 484 1789 548 1849; x_wconf 87' lang='grc' dir='ltr'>τότε</span> <span class='ocrx_word' id='word_1_149' title='bbox 572 1790 617 1848; x_wconf 86' lang='grc' dir='ltr'>καὶ</span> <span class='ocrx_word' id='word_1_150' title='bbox 641 1795 690 1850; x_wconf 84' lang='grc' dir='ltr'>νῦν</span> <span class='ocrx_word' id='word_1_151' title='bbox 718 1791 787 1860; x_wconf 88' lang='grc' dir='ltr'>ἐστὶ,</span> <span class='ocrx_word' id='word_1_152' title='bbox 809 1788 982 1868; x_wconf 78' lang='grc' dir='ltr'>χρηστήριον</span> 
     </span>
     <span class='ocr_line' id='line_1_21' title="bbox 182 1877 981 1954; baseline 0.001 -19"><span class='ocrx_word' id='word_1_153' title='bbox 182 1877 288 1937; x_wconf 80' lang='grc' dir='ltr'>αὐτόθι·</span> <span class='ocrx_word' id='word_1_154' title='bbox 319 1879 364 1936; x_wconf 89' lang='grc' dir='ltr'>καὶ</span> <span class='ocrx_word' id='word_1_155' title='bbox 383 1882 465 1937; x_wconf 79' lang='grc' dir='ltr'>τοῦτο</span> <span class='ocrx_word' id='word_1_156' title='bbox 486 1878 518 1938; x_wconf 81' lang='grc' dir='ltr'>τό</span> <span class='ocrx_word' id='word_1_157' title='bbox 540 1878 599 1954; x_wconf 78' lang='grc' dir='ltr'>ἱρόν</span> <span class='ocrx_word' id='word_1_158' title='bbox 620 1877 796 1953; x_wconf 81' lang='grc' dir='ltr'>συλήσαντες</span> <span class='ocrx_word' id='word_1_159' title='bbox 817 1877 981 1954; x_wconf 87' lang='grc' dir='ltr'>ἐνέπρησαν·</span> 
     </span>
     <span class='ocr_line' id='line_1_22' title="bbox 182 1965 982 2047; baseline -0.003 -23"><span class='ocrx_word' id='word_1_160' title='bbox 182 1967 231 2026; x_wconf 90' lang='grc' dir='ltr'>καί</span> <span class='ocrx_word' id='word_1_161' title='bbox 251 1993 326 2030; x_wconf 88' lang='grc' dir='ltr'>τινας</span> <span class='ocrx_word' id='word_1_162' title='bbox 347 1965 489 2028; x_wconf 78' lang='grc' dir='ltr'>διώκοντες</span> <span class='ocrx_word' id='word_1_163' title='bbox 510 1965 662 2025; x_wconf 80' lang='grc' dir='ltr'>εἶλον-τῶν</span> <span class='ocrx_word' id='word_1_164' title='bbox 682 1967 797 2026; x_wconf 87' lang='grc' dir='ltr'>Φωκέων</span> <span class='ocrx_word' id='word_1_165' title='bbox 817 1965 887 2047; x_wconf 77' lang='grc' dir='ltr'>πρὸς</span> <span class='ocrx_word' id='word_1_166' title='bbox 906 1969 982 2040; x_wconf 71' lang='grc' dir='ltr'>τοῖσι</span> 
     </span>
     <span class='ocr_line' id='line_1_23' title="bbox 184 2052 983 2136; baseline -0.004 -22"><span class='ocrx_word' id='word_1_167' title='bbox 184 2054 287 2132; x_wconf 80' lang='grc' dir='ltr'>οὔρεσι·</span> <span class='ocrx_word' id='word_1_168' title='bbox 325 2056 371 2114; x_wconf 88' lang='grc' dir='ltr'>καὶ</span> <span class='ocrx_word' id='word_1_169' title='bbox 391 2054 521 2136; x_wconf 79' lang='grc' dir='ltr'>γυναῖκάς</span> <span class='ocrx_word' id='word_1_170' title='bbox 540 2079 616 2116; x_wconf 85' lang='grc' dir='ltr'>τινας</span> <span class='ocrx_word' id='word_1_171' title='bbox 637 2053 795 2130; x_wconf 89' lang='grc' dir='ltr'>διέφθειραν</span> <span class='ocrx_word' id='word_1_172' title='bbox 815 2052 983 2135; x_wconf 83' lang='grc' dir='ltr'>μισγόμενοι</span> 
     </span>
     <span class='ocr_line' id='line_1_24' title="bbox 182 2143 384 2220; baseline 0 -18"><span class='ocrx_word' id='word_1_173' title='bbox 182 2143 237 2203; x_wconf 61' lang='lat' dir='ltr'>find</span> <span class='ocrx_word' id='word_1_174' title='bbox 252 2144 384 2220; x_wconf 84' lang='grc' dir='ltr'>πλήθεος.</span> 
     </span>
     <span class='ocr_line' id='line_1_25' title="bbox 136 2228 983 2309; baseline -0.006 -16"><span class='ocrx_word' id='word_1_175' title='bbox 136 2235 175 2293; x_wconf 81' lang='grc'>34</span> <span class='ocrx_word' id='word_1_176' title='bbox 225 2232 461 2309; x_wconf 86' lang='grc' dir='ltr'>Παραποταμίους</span> <span class='ocrx_word' id='word_1_177' title='bbox 479 2231 509 2292; x_wconf 84' lang='grc' dir='ltr'>δέ</span> <span class='ocrx_word' id='word_1_178' title='bbox 525 2228 774 2307; x_wconf 79' lang='grc' dir='ltr'>παραμειβόμενοι</span> <span class='ocrx_word' id='word_1_179' title='bbox 785 2232 811 2288; x_wconf 84' lang='grc' dir='ltr'>οἱ</span> <span class='ocrx_word' id='word_1_180' title='bbox 829 2229 983 2306; x_wconf 82' lang='grc' dir='ltr'>βάρβαροι,</span> 
     </span>
     <span class='ocr_line' id='line_1_26' title="bbox 183 2317 984 2394; baseline -0.004 -14"><span class='ocrx_word' id='word_1_181' title='bbox 183 2320 315 2380; x_wconf 74' lang='grc' dir='ltr'>ἀπίκοντο</span> <span class='ocrx_word' id='word_1_182' title='bbox 330 2326 357 2382; x_wconf 90' lang='grc' dir='ltr'>ἐς</span> <span class='ocrx_word' id='word_1_183' title='bbox 367 2321 525 2380; x_wconf 88' lang='grc' dir='ltr'>Πανοπέας·</span> <span class='ocrx_word' id='word_1_184' title='bbox 547 2319 671 2378; x_wconf 84' lang='grc' dir='ltr'>ἐνθεῦτεν</span> <span class='ocrx_word' id='word_1_185' title='bbox 682 2317 715 2392; x_wconf 80' lang='grc' dir='ltr'>δή</span> <span class='ocrx_word' id='word_1_186' title='bbox 727 2317 779 2392; x_wconf 77' lang='grc' dir='ltr'>ἤδη</span> <span class='ocrx_word' id='word_1_187' title='bbox 793 2318 984 2394; x_wconf 71' lang='grc' dir='ltr'>διακρινομένη</span> 
     </span>
     <span class='ocr_line' id='line_1_27' title="bbox 183 2405 985 2485; baseline -0.004 -18"><span class='ocrx_word' id='word_1_188' title='bbox 183 2409 202 2484; x_wconf 77' lang='grc' dir='ltr'><em>ἡ</em></span> <span class='ocrx_word' id='word_1_189' title='bbox 226 2408 343 2485; x_wconf 77' lang='grc' dir='ltr'>στρατιὴ</span> <span class='ocrx_word' id='word_1_190' title='bbox 366 2407 455 2466; x_wconf 79' lang='grc' dir='ltr'>αὐτῶν</span> <span class='ocrx_word' id='word_1_191' title='bbox 476 2406 611 2484; x_wconf 84' lang='grc' dir='ltr'>ἐσχίζετο.</span> <span class='ocrx_word' id='word_1_192' title='bbox 653 2405 686 2464; x_wconf 83' lang='grc' dir='ltr'>τό</span> <span class='ocrx_word' id='word_1_193' title='bbox 706 2408 757 2482; x_wconf 77' lang='grc' dir='ltr'>μὲν</span> <span class='ocrx_word' id='word_1_194' title='bbox 778 2410 915 2464; x_wconf 85' lang='grc' dir='ltr'>πλεῖστον</span> <span class='ocrx_word' id='word_1_195' title='bbox 939 2407 985 2464; x_wconf 87' lang='grc' dir='ltr'>καὶ</span> 
     </span>
     <span class='ocr_line' id='line_1_28' title="bbox 184 2491 986 2571; baseline -0.002 -17"><span class='ocrx_word' id='word_1_196' title='bbox 184 2494 372 2554; x_wconf 78' lang='grc' dir='ltr'>δυνατώτατον</span> <span class='ocrx_word' id='word_1_197' title='bbox 386 2491 438 2552; x_wconf 73' lang='grc' dir='ltr'>τοῦ</span> <span class='ocrx_word' id='word_1_198' title='bbox 454 2498 585 2570; x_wconf 87' lang='grc' dir='ltr'>στρατοῦ,</span> <span class='ocrx_word' id='word_1_199' title='bbox 603 2492 661 2568; x_wconf 84' lang='grc' dir='ltr'>ἅμα</span> <span class='ocrx_word' id='word_1_200' title='bbox 678 2492 750 2571; x_wconf 73' lang='grc' dir='ltr'>αὐτῷ</span> <span class='ocrx_word' id='word_1_201' title='bbox 763 2494 853 2571; x_wconf 75' lang='grc' dir='ltr'>Ξέρξη</span> <span class='ocrx_word' id='word_1_202' title='bbox 872 2493 986 2570; x_wconf 87' lang='grc' dir='ltr'>πορευό·</span> 
     </span>
     <span class='ocr_line' id='line_1_29' title="bbox 181 2580 986 2661; baseline 0 -21"><span class='ocrx_word' id='word_1_203' title='bbox 181 2609 268 2660; x_wconf 81' lang='grc' dir='ltr'>μενον</span> <span class='ocrx_word' id='word_1_204' title='bbox 295 2581 336 2640; x_wconf 86' lang='grc' dir='ltr'>ἐπ’</span> <span class='ocrx_word' id='word_1_205' title='bbox 360 2580 488 2656; x_wconf 81' lang='grc' dir='ltr'>Ἀθήνας,</span> <span class='ocrx_word' id='word_1_206' title='bbox 517 2581 640 2657; x_wconf 86' lang='grc' dir='ltr'>ἐσέβαλε</span> <span class='ocrx_word' id='word_1_207' title='bbox 664 2587 691 2644; x_wconf 91' lang='grc' dir='ltr'>ἐς</span> <span class='ocrx_word' id='word_1_208' title='bbox 719 2581 856 2643; x_wconf 74' lang='grc' dir='ltr'>Βοιωτοὺς</span> <span class='ocrx_word' id='word_1_209' title='bbox 881 2585 908 2642; x_wconf 87' lang='grc' dir='ltr'>ἐς</span> <span class='ocrx_word' id='word_1_210' title='bbox 932 2585 986 2661; x_wconf 79' lang='grc' dir='ltr'>γῆν</span> 
     </span>
     <span class='ocr_line' id='line_1_30' title="bbox 183 2667 986 2749; baseline -0.004 -20"><span class='ocrx_word' id='word_1_211' title='bbox 183 2670 380 2749; x_wconf 85' lang='grc' dir='ltr'>Ὀρχομενίων.</span> <span class='ocrx_word' id='word_1_212' title='bbox 422 2672 550 2728; x_wconf 80' lang='grc' dir='ltr'>Βοιωτῶν</span> <span class='ocrx_word' id='word_1_213' title='bbox 569 2669 598 2727; x_wconf 84' lang='grc' dir='ltr'>δὲ</span> <span class='ocrx_word' id='word_1_214' title='bbox 616 2673 673 2728; x_wconf 82' lang='grc' dir='ltr'>πᾶν</span> <span class='ocrx_word' id='word_1_215' title='bbox 688 2669 719 2728; x_wconf 83' lang='grc' dir='ltr'>τό</span> <span class='ocrx_word' id='word_1_216' title='bbox 739 2670 850 2743; x_wconf 78' lang='grc' dir='ltr'>πλῆθος</span> <span class='ocrx_word' id='word_1_217' title='bbox 867 2667 964 2744; x_wconf 81' lang='grc' dir='ltr'>ἐμήδιζ</span> <span class='ocrx_word' id='word_1_218' title='bbox 980 2695 986 2708; x_wconf 88' lang='grc'>·</span> 
     </span>
     <span class='ocr_line' id='line_1_31' title="bbox 184 2749 987 2836; baseline -0.004 -18"><span class='ocrx_word' id='word_1_219' title='bbox 184 2759 234 2821; x_wconf 75' lang='grc' dir='ltr'>τὰς</span> <span class='ocrx_word' id='word_1_220' title='bbox 247 2759 276 2816; x_wconf 85' lang='grc' dir='ltr'>δὲ</span> <span class='ocrx_word' id='word_1_221' title='bbox 289 2756 372 2820; x_wconf 85' lang='grc' dir='ltr'>πόλις</span> <span class='ocrx_word' id='word_1_222' title='bbox 388 2756 477 2816; x_wconf 78' lang='grc' dir='ltr'>αὐτῶν</span> <span class='ocrx_word' id='word_1_223' title='bbox 495 2749 591 2833; x_wconf 70' lang='grc' dir='ltr'>Ια”νδρες</span> <span class='ocrx_word' id='word_1_224' title='bbox 604 2756 762 2818; x_wconf 86' lang='grc' dir='ltr'>Μακεδόνες</span> <span class='ocrx_word' id='word_1_225' title='bbox 779 2757 987 2836; x_wconf 87' lang='grc' dir='ltr'>διατεταγμένοι</span> 
     </span>
     <span class='ocr_line' id='line_1_32' title="bbox 185 2843 987 2920; baseline -0.005 -13"><span class='ocrx_word' id='word_1_226' title='bbox 185 2848 296 2918; x_wconf 78' lang='grc' dir='ltr'>ἔσωζον,</span> <span class='ocrx_word' id='word_1_227' title='bbox 323 2846 378 2905; x_wconf 75' lang='grc' dir='ltr'>ὑπό</span> <span class='ocrx_word' id='word_1_228' title='bbox 398 2845 583 2920; x_wconf 78' lang='grc' dir='ltr'>Ἀλεξάνδρου</span> <span class='ocrx_word' id='word_1_229' title='bbox 610 2843 849 2920; x_wconf 77' lang='grc' dir='ltr'>ἀποπεμφθέντες·</span> <span class='ocrx_word' id='word_1_230' title='bbox 884 2844 987 2914; x_wconf 79' lang='grc' dir='ltr'>ἔσωζον</span> 
     </span>
     <span class='ocr_line' id='line_1_33' title="bbox 184 2931 987 3014; baseline -0.004 -19"><span class='ocrx_word' id='word_1_231' title='bbox 184 2937 223 3007; x_wconf 83' lang='grc' dir='ltr'>δὲ,</span> <span class='ocrx_word' id='word_1_232' title='bbox 247 2936 312 3014; x_wconf 80' lang='grc' dir='ltr'>τῇδε</span> <span class='ocrx_word' id='word_1_233' title='bbox 333 2933 504 3010; x_wconf 89' lang='grc' dir='ltr'>βουλόμενοι</span> <span class='ocrx_word' id='word_1_234' title='bbox 526 2933 612 3006; x_wconf 82' lang='grc' dir='ltr'>δῆλον</span> <span class='ocrx_word' id='word_1_235' title='bbox 635 2933 739 2990; x_wconf 91' lang='grc' dir='ltr'>ποιέειν</span> <span class='ocrx_word' id='word_1_236' title='bbox 765 2932 855 3010; x_wconf 80' lang='grc' dir='ltr'>Ξέρξη</span> <span class='ocrx_word' id='word_1_237' title='bbox 883 2931 926 2991; x_wconf 84' lang='grc' dir='ltr'>ὅτι</span> <span class='ocrx_word' id='word_1_238' title='bbox 951 2931 987 2992; x_wconf 62' lang='lat' dir='ltr'>m*</span> 
     </span>
     <span class='ocr_line' id='line_1_34' title="bbox 185 3015 988 3099; baseline -0.009 -16"><span class='ocrx_word' id='word_1_239' title='bbox 185 3024 290 3099; x_wconf 85' lang='grc' dir='ltr'>Μήδων</span> <span class='ocrx_word' id='word_1_240' title='bbox 306 3022 423 3080; x_wconf 83' lang='grc' dir='ltr'>Βοιωτοὶ</span> <span class='ocrx_word' id='word_1_241' title='bbox 443 3019 595 3095; x_wconf 88' lang='grc' dir='ltr'>φρονέοιεν.</span> <span class='ocrx_word' id='word_1_242' title='bbox 638 3015 716 3078; x_wconf 82' lang='grc' dir='ltr'>οὗτοι</span> <span class='ocrx_word' id='word_1_243' title='bbox 732 3021 783 3095; x_wconf 86' lang='grc' dir='ltr'>μέν</span> <span class='ocrx_word' id='word_1_244' title='bbox 797 3019 831 3094; x_wconf 71' lang='grc' dir='ltr'>δή</span> <span class='ocrx_word' id='word_1_245' title='bbox 847 3023 902 3078; x_wconf 86' lang='grc' dir='ltr'>τῶν</span> <span class='ocrx_word' id='word_1_246' title='bbox 915 3020 988 3096; x_wconf 87' lang='grc' dir='ltr'>βαρ-</span> 
     </span>
     <span class='ocr_line' id='line_1_35' title="bbox 139 3105 987 3188; baseline 0 -22"><span class='ocrx_word' id='word_1_247' title='bbox 139 3111 281 3188; x_wconf 82' lang='grc' dir='ltr'>35βόρων</span> <span class='ocrx_word' id='word_1_248' title='bbox 308 3109 394 3186; x_wconf 79' lang='grc' dir='ltr'>ταύτῃ</span> <span class='ocrx_word' id='word_1_249' title='bbox 423 3105 583 3183; x_wconf 79' lang='grc' dir='ltr'>ἐτράποντο.</span> <span class='ocrx_word' id='word_1_250' title='bbox 619 3105 726 3165; x_wconf 79' lang='grc' dir='ltr'>Ἀλλοι</span> <span class='ocrx_word' id='word_1_251' title='bbox 750 3106 779 3164; x_wconf 87' lang='grc' dir='ltr'>δέ</span> <span class='ocrx_word' id='word_1_252' title='bbox 801 3105 897 3176; x_wconf 77' lang='grc' dir='ltr'>αὐτῶν,</span> <span class='ocrx_word' id='word_1_253' title='bbox 921 3105 987 3186; x_wconf 79' lang='grc' dir='ltr'>ἤγε-</span> 
     </span>
     <span class='ocr_line' id='line_1_36' title="bbox 185 3193 988 3278; baseline -0.004 -21"><span class='ocrx_word' id='word_1_254' title='bbox 185 3199 272 3274; x_wconf 87' lang='grc' dir='ltr'>μόνας</span> <span class='ocrx_word' id='word_1_255' title='bbox 290 3200 406 3276; x_wconf 83' lang='grc' dir='ltr'>ἔχοντες,</span> <span class='ocrx_word' id='word_1_256' title='bbox 422 3194 541 3270; x_wconf 82' lang='grc' dir='ltr'>ὁρμέατο</span> <span class='ocrx_word' id='word_1_257' title='bbox 559 3193 604 3250; x_wconf 83' lang='grc' dir='ltr'>ἐπὶ</span> <span class='ocrx_word' id='word_1_258' title='bbox 620 3193 653 3252; x_wconf 86' lang='grc' dir='ltr'>τό</span> <span class='ocrx_word' id='word_1_259' title='bbox 670 3193 730 3270; x_wconf 79' lang='grc' dir='ltr'>ίρὸν</span> <span class='ocrx_word' id='word_1_260' title='bbox 745 3193 778 3252; x_wconf 80' lang='grc' dir='ltr'>τό</span> <span class='ocrx_word' id='word_1_261' title='bbox 797 3197 826 3253; x_wconf 91' lang='grc' dir='ltr'>ἐν</span> <span class='ocrx_word' id='word_1_262' title='bbox 840 3197 988 3278; x_wconf 82' lang='grc' dir='ltr'>Δελφοῖσι</span> 
     </span>
     <span class='ocr_line' id='line_1_37' title="bbox 186 3278 989 3362; baseline 0 -19"><span class='ocrx_word' id='word_1_263' title='bbox 186 3289 215 3343; x_wconf 81' lang='grc' dir='ltr'>ἐν</span> <span class='ocrx_word' id='word_1_264' title='bbox 241 3285 317 3362; x_wconf 77' lang='grc' dir='ltr'>δεξιῇ</span> <span class='ocrx_word' id='word_1_265' title='bbox 337 3283 387 3342; x_wconf 80' lang='grc' dir='ltr'>τόν</span> <span class='ocrx_word' id='word_1_266' title='bbox 408 3278 582 3356; x_wconf 75' lang='grc' dir='ltr'>Παρνησσὸν</span> <span class='ocrx_word' id='word_1_267' title='bbox 601 3279 777 3361; x_wconf 81' lang='grc' dir='ltr'>ἀπέργοντες·</span> <span class='ocrx_word' id='word_1_268' title='bbox 812 3279 868 3341; x_wconf 83' lang='grc' dir='ltr'>ὅσα</span> <span class='ocrx_word' id='word_1_269' title='bbox 889 3281 920 3341; x_wconf 74' lang='grc' dir='ltr'>δὲ</span> <span class='ocrx_word' id='word_1_270' title='bbox 940 3281 989 3343; x_wconf 83' lang='grc' dir='ltr'>καὶ</span> 
     </span>
    </p>
   </div>
   <div class='ocr_carea' id='block_1_2' title="bbox 0 0 1156 3538">
    <p class='ocr_par' dir='ltr' id='par_1_2' title="bbox 0 0 1156 3538">
     <span class='ocr_line' id='line_1_38' title="bbox 0 0 1156 3538; baseline 0 0"><span class='ocrx_word' id='word_1_271' title='bbox 0 0 1156 3538; x_wconf 95' lang='lat' dir='ltr'> </span> 
     </span>
    </p>
   </div>
  </div>
 </body>
</html>
