2268 3536
170 148 200 193 σιι
473 148 654 196 Ἠυοιουοτ
717 157 719 162 ·
902 149 964 213 [νυ.

166 223 361 298 κεκακωμένων
374 227 405 282 ἐκ
417 228 468 300 τῆς
481 228 635 304 ναυμαχίης
647 227 663 284 ὁ
676 226 807 290 Ἱστιαῖος
820 229 890 306 ἔχων
901 232 966 294 τούς

164 310 308 385 Λεσβίους
322 312 503 388 ἐπεκράτησε,
519 319 548 372 ἐκ
560 315 705 391 Πολίχνης
714 318 764 390 τῆς
775 315 850 375 Χίων
863 317 965 395 όρμευί·

116 399 154 458 27
164 423 256 473 μενος.
298 400 393 458 Φιλέει
415 401 446 460 δέ
467 429 518 463 κως
534 403 736 478 προσημαίνειν
752 402 806 462 εὖτ’
819 402 853 464 ἂν
870 408 965 486 μέλλῃ

163 485 275 567 μεγάλα
290 487 388 565 κακάῆ
402 488 470 548 πόλι
484 488 502 564 ἦ
516 490 588 548 ἔθνεϊ
602 490 727 550 ἔσεσθαι·
743 492 788 549 καὶ
801 491 856 572 γάρ
867 496 962 556 Χίοισι

163 573 218 651 πρό
231 575 335 636 τούτων
349 576 458 653 σημήϊα
471 576 584 657 μεγάλα
603 577 720 656 ἐγένετο·
741 583 824 639 τοῦτο
840 583 893 658 μέν
908 591 964 658 σφι

163 664 295 741 πέμψασι
319 669 346 726 ἐς
370 663 501 739 Δελφοός
528 663 615 741 χορόν
641 659 766 741 νεηνιέων
794 669 891 730 ἑκατόν
915 670 964 732 δύο

162 755 260 826 μοῦνοι
282 750 385 812 τούτων
407 751 615 826 ἀπενόστησαν·
637 753 701 816 τούς
722 755 751 814 δέ
773 755 844 816 ὀκτώ
865 784 896 817 τε
919 763 964 821 καὶ

163 838 341 914 ἐννενήκοντα
355 838 445 899 αὐτῶν
458 839 559 916 λοιμός
572 839 727 917 ὑπολαβών
742 842 881 918 α’πήνεικε·
900 851 963 905 τοῦ·

161 951 194 984 το
210 925 240 983 δέ
259 931 287 986 ἐν
306 932 342 1005 τῇ
360 927 430 987 πόλι
448 927 498 988 τόν
517 927 601 988 αὐτόν
621 933 720 990 τοῦτον
740 932 850 1010 χρόνον,
864 932 964 1014 ὀλίγον

161 1012 216 1090 πρό
230 1019 280 1090 τῆς
295 1017 456 1094 ναυμαχίης,
471 1019 554 1076 παισὶ
567 1017 719 1098 γράμματα
735 1020 961 1096 διδασκομένοισι

161 1102 276 1162 ἐνέπεσε
289 1103 308 1179 ἡ
322 1105 417 1185 στέγη,
433 1103 506 1164 ὥστε
520 1103 567 1164 ἀπ’
582 1107 679 1167 ἑκατόν
692 1109 738 1166 καὶ
753 1109 841 1168 εἴκοσι
856 1110 962 1170 παίδων

161 1189 200 1255 ἐἶς
212 1195 314 1268 μοῦνος
332 1192 468 1274 α’πέφυγε.
510 1198 598 1254 ταῦτα
612 1196 663 1271 μέν
677 1203 733 1272 σφι
746 1198 855 1273 σημήϊα
869 1197 885 1258 ὁ
899 1199 962 1262 θεός

160 1281 299 1357 προέδεξε·
320 1281 391 1359 μετά
411 1283 439 1342 δέ
457 1283 588 1359 ταῦτα,η”
608 1285 748 1363 ναυμαχίη
769 1285 960 1361 ιῖπολαβοῦσα

160 1372 187 1431 ἐς
204 1369 273 1450 γόνυ
284 1371 336 1446 τήν
349 1372 435 1431 πόλιν
449 1374 546 1448 ἔβαλε·
569 1373 614 1430 ἐπὶ
634 1374 663 1432 δέ
683 1376 719 1448 τῇ
740 1374 879 1449 ναυμαχίῃ
899 1377 959 1429 ἐπε-

159 1458 254 1536 γένετο
276 1458 408 1521 Ἱστιαῖος
428 1461 572 1534 Λεσβίους
598 1459 682 1538 ἄγων·
711 1459 903 1532 κεκακωμένων
929 1459 959 1516 δὲ

159 1547 214 1603 τῶν
227 1547 310 1614 Χίων,
325 1546 525 1620 καταστροφήν
547 1544 678 1606 εὐπετέως
692 1543 780 1602 αὐτῶν
795 1545 958 1620 ἐποιήσατο.

111 1632 150 1689 28
199 1630 342 1690 Ἐνθεῦτεν
359 1631 388 1688 δὲ
410 1631 570 1694 ὁἹστιαῐος
589 1630 769 1707 ἐστρατεύετο
790 1633 836 1692 ἐπὶ
852 1634 957 1710 Θάσον,

158 1716 233 1798 ἄγων
249 1717 346 1777 Ἰόνιον
367 1718 412 1776 καὶ
435 1718 558 1778 Αἰολέων
580 1719 709 1798 συχνούς.
751 1725 959 1804 περικατημένῳ

175 1807 190 1864 ε’
209 1809 235 1865 οἱ
248 1805 344 1866 Θάσον
363 1805 433 1880 ἦλθε
455 1805 583 1886 ἀγγελίη,
599 1807 633 1870 οἷς
647 1812 674 1867 οἱ
686 1811 810 1873 Φοίνικες
830 1810 956 1873 άναπλιό-
1016 1841 1018 1845 ·

158 1919 222 1952 ουσι
243 1899 272 1952 ἐκ
293 1897 342 1968 τῆς
356 1894 488 1970 Μιλήτου
505 1895 551 1952 ἐπὶ
565 1895 617 1971 τήν
631 1897 724 1972 ἄλλην
736 1897 851 1974 Ἰωνίην·
872 1902 956 1962 πυθό-

156 2007 239 2057 μενος
254 1983 283 2041 δέ
303 1987 390 2042 ταῦτα
404 1983 501 2042 Θάσον
521 1987 574 2060 μὲν
590 1983 749 2061 ἀπόρθητον
763 1987 861 2055 λείπει,
875 1987 957 2052 αὐτός

158 2069 187 2129 δὲ
201 2076 228 2134 ἐς
240 2071 292 2148 τήν
305 2073 422 2148 Λέσβον
439 2071 570 2153 η’πείγετο
590 2071 665 2154 ίίγων
683 2077 780 2132 πᾶσαν
800 2073 851 2148 τήν
871 2101 956 2151 στρα-

157 2160 227 2235 τιήν·
249 2166 279 2219 ἐκ
293 2162 419 2236 ,Λέσβου
441 2161 478 2233 δὲ,
497 2160 681 2238 λιμαινούσης
700 2164 726 2220 οἱ
746 2166 795 2237 τῆς
814 2167 956 2238 στρατιῆς,

157 2250 244 2326 πέρην
264 2251 402 2327 διαβαίνει
424 2255 454 2308 ἐκ
474 2253 524 2310 τοῦ
545 2249 692 2328 Ἀταρνέος
714 2249 749 2312 οἷς
769 2247 886 2326 ἀμήσων
906 2249 957 2310 τόν

156 2340 246 2407 σῖτον,
259 2339 309 2398 τόν
321 2365 351 2397 τε
366 2339 489 2398 ἐνθεῦτεν
503 2339 549 2398 καὶ
562 2338 612 2398 τόν
626 2345 656 2397 ἐκ
670 2339 779 2398 Καΐκου
796 2337 891 2396 πεδίου
907 2339 958 2398 τόν

156 2428 211 2483 τῶν
225 2431 342 2485 Μυσῶν·
365 2431 393 2484 ἐν
407 2427 436 2484 δὲ
449 2427 575 2486 τούτοισι
587 2430 664 2486 τοῖσι
677 2428 806 2505 χωρίοισι
824 2426 957 2507 ἐτύγχανε

158 2512 208 2570 ἐολν
223 2512 378 2593 Ἅρπαγος,
400 2512 469 2589 οἷνήρ
492 2516 615 2590 Πέρσης,
641 2515 799 2594 στρατηγός
823 2518 958 2590 στρατιῆς

157 2599 206 2660 ου’κ
230 2599 336 2681 ὀλίγης·
364 2599 393 2661 ὅς
417 2603 443 2658 οἱ
468 2599 609 2676 ἀποβάντι
637 2602 795 2677 συμβαλών
823 2599 906 2660 αὐτόν
925 2627 956 2659 τε

156 2687 290 2748 Ἱστιαῖον
304 2688 405 2768 ζωγρίῃ
421 2689 508 2763 ἔλαβε
528 2690 573 2746 καὶ
592 2690 641 2748 τόν
662 2688 783 2764 στρατόν
802 2687 886 2747 αὐτοῦ
906 2688 956 2748 τόν

109 2779 147 2836 29
157 2780 235 2834 πλέω
253 2776 400 2851 διέφθειρε.
442 2774 604 2856 Ἐζωγρήθη
618 2777 646 2834 δὲ
664 2775 680 2835 ὁ
693 2775 825 2838 Ἱστιαῖος
839 2772 898 2834 ὦδε·
921 2775 956 2840 οἷς

157 2865 295 2944 ἐμάχοντο
314 2869 340 2925 οἱ
351 2866 491 2940 Ἕλληνες
503 2869 579 2924 τοῖσι
593 2867 727 2943 Πέρσῃσι
741 2870 770 2924 ἐν
782 2868 818 2944 τῇ
832 2864 957 2944 Μαλήνῃ

156 2957 206 3030 τῆς
218 2951 420 3030 Ἀταρνείτιδος
439 2952 539 3032 χώρης,
555 2957 581 3012 οἱ
594 2956 645 3030 μὲν
659 2953 839 3012 συνέστασαν
854 2952 957 3032 χρόνον

158 3043 204 3114 ἐπὶ
216 3042 335 3113 πολλόν,
345 3041 364 3118 ή
378 3042 407 3101 δέ
422 3043 505 3104 ἵππος
517 3040 636 3118 ὕστερον
647 3041 804 3119 ὁρμηθεῖσα
815 3042 957 3100 ἐπιπίπτει

156 3135 233 3191 τοῖσι
241 3131 378 3207 Ἕλλησι·
400 3129 463 3190 τότε
485 3129 519 3206 δή
541 3131 621 3210 ἔργον
636 3135 687 3207 τῆς
701 3132 788 3190 ἵππου
801 3135 885 3190 τοῦτο
899 3129 956 3208 ἐγέ-

157 3245 228 3278 νετο·
250 3221 296 3278 καὶ
316 3219 509 3297 τετραμμένων
533 3224 587 3279 τῶν
610 3219 761 3296 Ἑλλήνων,
787 3219 802 3280 ὁ
824 3217 958 3278 Ἱστιαῖος

158 3309 276 3377 ἐλπίζων
288 3307 337 3367 οόκ
351 3307 525 3370 ἀπολέεσθαι
543 3307 597 3367 ὖπὸ
610 3310 750 3384 βασιλέος
764 3307 809 3366 διά
823 3305 874 3380 την
887 3328 956 3378 παμ-
