2262 3534
136 145 243 210 30-33]
445 138 633 195 KAAAIOIIH'.
887 149 933 200 297

135 227 171 288 τά
180 223 325 302 Ἑλλήνων
337 225 428 303 ηὖξον,
444 227 508 302 περὶ
521 225 572 286 τόν
586 226 760 303 Παρνησσόν
775 228 936 307 κατειλημέ-

136 341 188 374 νοι·
206 315 251 372 καὶ
262 315 386 374 ἐνθεῦτεν
396 313 574 390 ὁρμειόμενοι,
586 315 686 392 ἔφερόν
699 341 729 374 τε
743 318 789 374 καὶ
802 317 872 397 ἦγον
885 318 937 394 τήν

136 428 166 460 τε
183 401 344 478 Μαρδονίου
363 403 498 478 στρατιήν
515 405 560 462 καὶ
577 404 641 465 τούς
662 403 721 479 μετ’
738 404 822 463 αὐτοῦ
844 406 937 468 ἐόντας

136 489 289 565 Ἑλλήνων·
311 489 389 559 ἔταξε
406 490 435 548 δὲ
454 490 499 549 καί
517 490 681 554 Μακεδόνας
693 519 723 551 τε
738 494 783 551 καὶ
796 493 861 555 τοῦς
874 494 937 569 περὶ

136 579 301 652 Θεσσαλίην
316 578 476 654 οἰκημένους
490 579 559 637 κατά
578 579 641 642 τοιίς
654 578 824 656 Ἀθηναίους.
868 585 937 639 Ταῦ-
947 582 985 640 32

136 691 172 724 τα
189 668 241 742 μὲν
259 669 314 725 τῶν
333 666 430 725 ἐθνέων
448 667 484 726 τά
500 667 622 748 μέγιστα
641 667 796 744 ὀνόμασται
814 673 868 728 τῶν
884 668 938 728 ὑπό

138 754 298 831 Μαρδονίου
321 755 486 833 ταχθέντων,
513 756 601 832 τάπερ
623 756 833 832 ἐπιφανέστατά
852 783 882 817 τε
902 756 937 832 ἦν

138 843 184 901 καὶ
204 842 293 924 λόγου
315 843 461 902 πλείστου
487 848 589 918 ἐνῆσαν
610 845 639 904 δὲ
660 846 705 903 καὶ
725 845 821 906 ἄλλων
841 845 939 906 ἐθνέων

137 928 232 1007 ἄνδρες
251 930 477 1011 ἀναμεμιγμένοι,
494 937 609 1010 Φρυγῶν
629 959 659 992 τε
678 935 724 992 καὶ
742 934 875 1010 Θρηίκων,
895 935 940 992 καὶ

138 1022 246 1077 Μυσῶν
267 1044 298 1077 τε
320 1019 366 1077 καὶ
385 1019 520 1093 Παιόνων,
540 1022 585 1078 καὶ
602 1025 657 1079 τῶν
673 1020 778 1080 ἄλλων·
799 1027 828 1081 ἐν
847 1023 876 1080 δέ
895 1023 940 1080 καὶ

140 1105 281 1166 Αἰθιόπων
296 1133 327 1165 τε
344 1108 390 1165 καί
409 1109 566 1187 Αἰγυπτίων
585 1108 627 1188 (οἰ
645 1135 675 1168 τε
695 1108 879 1184 Ἑρμοτύβιες
895 1111 941 1167 καὶ

139 1196 166 1251 οἱ
182 1195 355 1270 Καλασίριες
368 1194 543 1275 καλεόμενοι)
553 1197 771 1274 μαχαιροφόροι·
793 1197 872 1273 οἷπερ
887 1198 942 1256 εἰσὶ

140 1284 299 1362 Αἰγυπτίων
312 1288 410 1359 μοῦνοι
423 1283 552 1362 μάχιμοι·
573 1285 687 1348 τούτους
703 1286 732 1344 δέ
749 1287 788 1344 ἐτι
807 1290 836 1344 ἐν
849 1285 943 1360 Φαλή-

139 1396 178 1448 ρῳ
193 1370 244 1429 ἐιδν
257 1369 312 1429 α’πδ
323 1375 378 1430 τῶν
388 1376 460 1447 νηῶν
470 1372 681 1449 ἀπεβιβάσατο,
693 1375 786 1436 ἐόντας
797 1373 943 1450 ἐπιβάτας·

141 1455 174 1516 ου’
201 1457 256 1539 γάρ
285 1457 445 1537 ἐτάχθησαν
470 1465 497 1522 ἐς
520 1461 569 1520 τόν
593 1461 676 1532 πεζδν
701 1462 751 1522 τόν
773 1461 831 1538 ἅμα
853 1463 943 1540 Ξέρξη

141 1543 309 1623 άπικόμενον
323 1551 350 1610 ἐς
363 1546 483 1623 Ἀθήνας
497 1549 654 1629 Αἰγύπτιοι.
692 1554 747 1609 τῶν
759 1553 810 1626 μέν
824 1549 858 1625 δή
872 1551 944 1627 βαρ

139 1633 236 1710 βάρων
262 1633 337 1710 ἦσαν
357 1634 505 1712 τριήκοντα
528 1637 665 1714 μυριάδες,
687 1638 722 1702 οἷς
743 1639 788 1697 καὶ
808 1638 943 1716 πρότερον

140 1721 302 1796 δεδήλωται·
323 1727 378 1782 τῶν
391 1723 421 1782 δὲ
434 1723 577 1800 Ἑλλήνων
590 1730 645 1786 τῶν
658 1727 818 1804 Μαρδονίου
832 1725 943 1803 συμμά-

140 1834 197 1887 χων
208 1810 264 1868 οἶδε
278 1814 329 1887 μὲν
339 1810 426 1874 οὐδεὶς
436 1811 563 1889 άριθμόν·
579 1813 611 1872 οὗ
621 1813 676 1894 γάρ
689 1813 725 1874 ὧν
735 1814 941 1891 ἠριθμήθησαν·

141 1896 176 1959 ὦς
202 1897 231 1956 δὲ
259 1899 412 1968 ἐπεικάσαι,
441 1905 468 1962 ἐς
495 1902 577 1960 πέντε
606 1903 740 1979 μυριάδας
768 1908 943 1984 συλλεγῆναι

141 1985 246 2056 εἰκάζω.
289 1983 365 2046 οὗτοι
386 1991 412 2045 οἰ
433 1990 656 2066 παραταχθέντες
676 1991 754 2059 πεζοὶ
774 1990 857 2065 ἦσαν·
878 1991 943 2066 ήδέ

143 2073 227 2136 ἰππος
239 2075 323 2152 χωρὶς
337 2075 471 2133 ἐτέτακτο.

180 2159 229 2223 Ὡς
250 2162 279 2219 δὲ
300 2159 354 2237 άρα
375 2160 476 2224 πάντες
498 2187 524 2222 οι
545 2163 696 2242 ἐτετάχατο
718 2164 787 2223 κατά
811 2191 842 2223 τε
864 2166 943 2224 ἔθνεα
952 2168 989 2224 33

141 2248 187 2305 καί
201 2247 270 2306 κατά
289 2248 381 2318 τέλεα,
402 2249 520 2308 ἐνθαῦτα
537 2254 573 2329 τῇ
593 2251 705 2330 δευτέρη
720 2251 810 2330 ήμέρη
829 2252 942 2312 ἐθύοντο

141 2336 187 2392 καὶ
201 2334 367 2411 ἀμφότεροι.
405 2335 531 2413 Ἕλλησι
550 2341 602 2415 μὲν
622 2339 778 2416 Τισαμενός
797 2339 943 2420 Ἀντιόχου

141 2423 176 2499 ἦν
198 2422 214 2482 ό
236 2422 377 2500 θυόμενος·
410 2422 490 2488 οὗτος
509 2425 564 2507 γάρ
586 2425 619 2502 δή
641 2429 733 2486 εἵπετο
754 2432 792 2506 τῷ
812 2429 942 2506 στρατεά·

139 2536 207 2587 ματι
226 2509 314 2591 τούτῳ
330 2510 437 2588 μάντις·
463 2513 521 2582 τόν,
542 2514 622 2574 ἐόντα
645 2514 761 2575 Ἠλεῖον
782 2518 827 2575 καὶ
850 2519 943 2598 γένεος

140 2603 190 2660 τοῦ
207 2598 349 2676 Ἰαμιδέων
364 2601 532 2677 Κλυτιάδην,
547 2603 758 2680 Λακεδαιμόνιοι
775 2605 943 2680 ἐποιήσαντο

140 2689 344 2766 λεωσφέτερον·
365 2694 510 2768 Τισαμενῷ
531 2690 586 2770 γάρ
608 2693 800 2772 μαντευομένῳ
823 2699 852 2752 ἐν
871 2699 941 2753 Δελ-

141 2780 224 2851 φοῖσι
251 2777 314 2853 περὶ
340 2776 432 2859 γόνου,
460 2777 552 2838 άνεῐλε
579 2778 597 2855 ή
626 2781 718 2857 Πυθίη
746 2780 853 2862 άγῶνας
879 2783 943 2846 τούς

140 2866 291 2944 μεγίστους
309 2865 513 2944 ἀναιρήσεσθαι
535 2871 626 2928 πέντε·
647 2869 663 2929 ό
685 2872 736 2946 μὲν
757 2869 791 2945 δή
813 2870 943 2948 οἶμαρτῶν

141 2956 192 3010 τοῦ
205 2955 385 3030 χρηστηρίου,
401 2960 536 3035 προσεῖχε
549 2959 732 3037 γυμνασίοισι
746 2958 781 3020 ὥς
794 2957 942 3034 α’ναιρησό-

140 3067 222 3116 μενος
249 3042 398 3120 γυμνικοάς
425 3043 541 3123 άγῶνας·
581 3045 688 3105 ἀσκέων
715 3045 744 3104 δέ
771 3045 941 3107 πεντάεθλον

140 3127 217 3204 παρά
234 3128 262 3186 ἐν
276 3128 428 3206 πάλαισμα
447 3132 547 3208 ἔδραμε
560 3138 638 3192 νικᾶν
652 3132 839 3209 Ὀλυμπιάδα,
855 3133 942 3209 Ἱερω-Δ

140 3215 216 3296 νιίμῳ
237 3221 275 3296 τῷ
295 3217 410 3298 Ἀνδρίῳ
433 3220 523 3279 ἐλθόν
545 3227 572 3283 ἐς
593 3223 658 3298 ἐριν·
680 3220 892 3297 Λακεδαιμόνιοι
913 3223 944 3281 δὲ

142 3305 275 3382 μαθόντες
293 3305 344 3366 οὐκ
363 3311 391 3372 ἐς
410 3309 559 3388 γυμνικοῦς
575 3307 641 3367 ἀλλ’
658 3314 685 3372 ἐς
703 3307 815 3385 ἀρηίους
836 3307 944 3390 ιίγῶνας
