<?xml version="1.0" encoding="UTF-8"?>
<!DOCTYPE html PUBLIC "-//W3C//DTD XHTML 1.0 Transitional//EN"
    "http://www.w3.org/TR/xhtml1/DTD/xhtml1-transitional.dtd">
<html xmlns="http://www.w3.org/1999/xhtml" xml:lang="en" lang="en">
 <head>
  <title>
</title>
<meta http-equiv="Content-Type" content="text/html;charset=utf-8" />
  <meta name='ocr-system' content='tesseract 3.04.00' />
  <meta name='ocr-capabilities' content='ocr_page ocr_carea ocr_par ocr_line ocrx_word'/>
</head>
<body>
  <div class='ocr_page' id='page_1' title='image "./herodotusrecens02blakgoog_0204.png"; bbox 0 0 2278 3538; ppageno 0'>
   <div class='ocr_carea' id='block_1_1' title="bbox 130 172 977 2804">
    <p class='ocr_par' dir='ltr' id='par_1_1' title="bbox 130 172 977 2804">
     <span class='ocr_line' id='line_1_1' title="bbox 179 172 975 238; baseline 0.005 -18"><span class='ocrx_word' id='word_1_1' title='bbox 179 175 223 220; x_wconf 82' lang='grc'>186</span> <span class='ocrx_word' id='word_1_2' title='bbox 480 173 662 221; x_wconf 75' lang='grc' dir='ltr'><strong>ἭΡΟΔΟΤΟΤ</strong></span> <span class='ocrx_word' id='word_1_3' title='bbox 896 172 975 238; x_wconf 65' lang='lat' dir='ltr'>[VHL</span> 
     </span>
     <span class='ocr_line' id='line_1_2' title="bbox 176 249 977 328; baseline 0.006 -20"><span class='ocrx_word' id='word_1_4' title='bbox 176 251 247 309; x_wconf 83' lang='grc' dir='ltr'>οὕτω</span> <span class='ocrx_word' id='word_1_5' title='bbox 261 250 422 328; x_wconf 80' lang='grc' dir='ltr'>προσάντης</span> <span class='ocrx_word' id='word_1_6' title='bbox 440 252 612 320; x_wconf 85' lang='grc' dir='ltr'>κατίσταται,</span> <span class='ocrx_word' id='word_1_7' title='bbox 626 250 706 326; x_wconf 85' lang='grc' dir='ltr'>ἡμεῖς</span> <span class='ocrx_word' id='word_1_8' title='bbox 721 275 748 310; x_wconf 86' lang='grc' dir='ltr'>τι</span> <span class='ocrx_word' id='word_1_9' title='bbox 766 249 914 328; x_wconf 79' lang='grc' dir='ltr'>ῦπείξομεν</span> <span class='ocrx_word' id='word_1_10' title='bbox 926 259 977 314; x_wconf 87' lang='grc' dir='ltr'>τοῦ</span> 
     </span>
     <span class='ocr_line' id='line_1_3' title="bbox 175 337 976 421; baseline 0.005 -24"><span class='ocrx_word' id='word_1_11' title='bbox 175 338 293 417; x_wconf 75' lang='grc' dir='ltr'>ἀρχαίου</span> <span class='ocrx_word' id='word_1_12' title='bbox 317 341 414 421; x_wconf 81' lang='grc' dir='ltr'>λόγου·</span> <span class='ocrx_word' id='word_1_13' title='bbox 441 344 533 398; x_wconf 83' lang='grc' dir='ltr'>εἰτοῦ</span> <span class='ocrx_word' id='word_1_14' title='bbox 557 342 608 415; x_wconf 77' lang='grc' dir='ltr'>μὲν</span> <span class='ocrx_word' id='word_1_15' title='bbox 631 340 715 408; x_wconf 83' lang='grc' dir='ltr'>πεζοῦ</span> <span class='ocrx_word' id='word_1_16' title='bbox 736 337 814 414; x_wconf 85' lang='grc' dir='ltr'>ῦμεῖς</span> <span class='ocrx_word' id='word_1_17' title='bbox 834 339 976 420; x_wconf 78' lang='grc' dir='ltr'>ἡγέοισθε,</span> 
     </span>
     <span class='ocr_line' id='line_1_4' title="bbox 175 426 976 510; baseline 0.004 -24"><span class='ocrx_word' id='word_1_18' title='bbox 175 433 225 486; x_wconf 91' lang='grc' dir='ltr'>τοῦ</span> <span class='ocrx_word' id='word_1_19' title='bbox 246 429 275 487; x_wconf 80' lang='grc' dir='ltr'>δὲ</span> <span class='ocrx_word' id='word_1_20' title='bbox 297 434 424 488; x_wconf 82' lang='grc' dir='ltr'>ναυτικοῦ</span> <span class='ocrx_word' id='word_1_21' title='bbox 447 428 508 510; x_wconf 79' lang='grc' dir='ltr'>ἐγώ·</span> <span class='ocrx_word' id='word_1_22' title='bbox 537 433 560 486; x_wconf 87' lang='grc' dir='ltr'>εἶ</span> <span class='ocrx_word' id='word_1_23' title='bbox 583 428 613 486; x_wconf 87' lang='grc' dir='ltr'>δέ</span> <span class='ocrx_word' id='word_1_24' title='bbox 636 426 700 502; x_wconf 72' lang='grc' dir='ltr'>ὑμῖν</span> <span class='ocrx_word' id='word_1_25' title='bbox 721 427 807 502; x_wconf 86' lang='grc' dir='ltr'>ἡδονὴ</span> <span class='ocrx_word' id='word_1_26' title='bbox 831 433 881 486; x_wconf 89' lang='grc' dir='ltr'>τοῦ</span> <span class='ocrx_word' id='word_1_27' title='bbox 905 429 976 489; x_wconf 81' lang='grc' dir='ltr'>κατά</span> 
     </span>
     <span class='ocr_line' id='line_1_5' title="bbox 176 515 976 600; baseline -0.001 -24"><span class='ocrx_word' id='word_1_28' title='bbox 176 516 328 578; x_wconf 89' lang='grc' dir='ltr'>θάλασσαν</span> <span class='ocrx_word' id='word_1_29' title='bbox 343 518 528 600; x_wconf 79' lang='grc' dir='ltr'>ἡγεμονεύειν,</span> <span class='ocrx_word' id='word_1_30' title='bbox 545 521 595 576; x_wconf 89' lang='grc' dir='ltr'>τοῦ</span> <span class='ocrx_word' id='word_1_31' title='bbox 614 517 698 586; x_wconf 80' lang='grc' dir='ltr'>πεζοῦ</span> <span class='ocrx_word' id='word_1_32' title='bbox 718 515 771 594; x_wconf 74' lang='grc' dir='ltr'>ἐγώ</span> <span class='ocrx_word' id='word_1_33' title='bbox 788 517 870 576; x_wconf 89' lang='grc' dir='ltr'>θέλω·</span> <span class='ocrx_word' id='word_1_34' title='bbox 891 517 937 575; x_wconf 83' lang='grc' dir='ltr'>καὶ</span> <span class='ocrx_word' id='word_1_35' title='bbox 957 515 976 594; x_wconf 83' lang='grc' dir='ltr'><strong><em>ἦ</em></strong></span> 
     </span>
     <span class='ocr_line' id='line_1_6' title="bbox 174 603 977 684; baseline 0.002 -20"><span class='ocrx_word' id='word_1_36' title='bbox 174 605 301 667; x_wconf 83' lang='grc' dir='ltr'>τούτοισι</span> <span class='ocrx_word' id='word_1_37' title='bbox 324 607 409 684; x_wconf 86' lang='grc' dir='ltr'>ῦμέας</span> <span class='ocrx_word' id='word_1_38' title='bbox 432 607 520 684; x_wconf 87' lang='grc' dir='ltr'>χρέων</span> <span class='ocrx_word' id='word_1_39' title='bbox 545 610 606 664; x_wconf 92' lang='grc' dir='ltr'>ἐστι</span> <span class='ocrx_word' id='word_1_40' title='bbox 628 604 806 680; x_wconf 77' lang='grc' dir='ltr'>ἀρέσκεσθαι,</span> <span class='ocrx_word' id='word_1_41' title='bbox 828 603 845 680; x_wconf 81' lang='grc' dir='ltr'>ἡ</span> <span class='ocrx_word' id='word_1_42' title='bbox 867 605 977 666; x_wconf 76' lang='grc' dir='ltr'>ἀπιέναι</span> 
     </span>
     <span class='ocr_line' id='line_1_7' title="bbox 130 693 976 774; baseline 0.001 -21"><span class='ocrx_word' id='word_1_43' title='bbox 130 695 183 753; x_wconf 84' lang='grc'>161</span> <span class='ocrx_word' id='word_1_44' title='bbox 196 696 351 774; x_wconf 88' lang='grc' dir='ltr'>συμμάχων</span> <span class='ocrx_word' id='word_1_45' title='bbox 364 695 477 754; x_wconf 76' lang='grc' dir='ltr'>τοιῶνδε</span> <span class='ocrx_word' id='word_1_46' title='bbox 493 693 634 770; x_wconf 86' lang='grc' dir='ltr'>ἐρήμους.”</span> <span class='ocrx_word' id='word_1_47' title='bbox 669 693 764 752; x_wconf 85' lang='grc' dir='ltr'>Γέλων</span> <span class='ocrx_word' id='word_1_48' title='bbox 777 695 829 769; x_wconf 86' lang='grc' dir='ltr'>μέν</span> <span class='ocrx_word' id='word_1_49' title='bbox 842 693 875 768; x_wconf 90' lang='grc' dir='ltr'>δὴ</span> <span class='ocrx_word' id='word_1_50' title='bbox 888 699 976 754; x_wconf 89' lang='grc' dir='ltr'>ταῦτα</span> 
     </span>
     <span class='ocr_line' id='line_1_8' title="bbox 175 781 977 862; baseline 0.001 -21"><span class='ocrx_word' id='word_1_51' title='bbox 175 785 343 858; x_wconf 88' lang='grc' dir='ltr'>προτείνετο·</span> <span class='ocrx_word' id='word_1_52' title='bbox 372 783 486 858; x_wconf 78' lang='grc' dir='ltr'>φθάσας</span> <span class='ocrx_word' id='word_1_53' title='bbox 513 782 542 840; x_wconf 83' lang='grc' dir='ltr'>δέ</span> <span class='ocrx_word' id='word_1_54' title='bbox 566 781 581 840; x_wconf 83' lang='grc' dir='ltr'>ά</span> <span class='ocrx_word' id='word_1_55' title='bbox 604 781 757 856; x_wconf 88' lang='grc' dir='ltr'>Ἀθηναίων</span> <span class='ocrx_word' id='word_1_56' title='bbox 780 781 900 862; x_wconf 83' lang='grc' dir='ltr'>ἅγγελος</span> <span class='ocrx_word' id='word_1_57' title='bbox 926 783 977 842; x_wconf 80' lang='grc' dir='ltr'>τᾶν</span> 
     </span>
     <span class='ocr_line' id='line_1_9' title="bbox 175 869 976 947; baseline 0 -18"><span class='ocrx_word' id='word_1_58' title='bbox 175 871 405 947; x_wconf 83' lang='grc' dir='ltr'>Λακεδαιμονίων,</span> <span class='ocrx_word' id='word_1_59' title='bbox 426 870 561 947; x_wconf 81' lang='grc' dir='ltr'>ἀμείβετό</span> <span class='ocrx_word' id='word_1_60' title='bbox 581 895 629 946; x_wconf 92' lang='grc' dir='ltr'>μιν</span> <span class='ocrx_word' id='word_1_61' title='bbox 649 869 754 928; x_wconf 86' lang='grc' dir='ltr'>τοῖσδε·</span> <span class='ocrx_word' id='word_1_62' title='bbox 784 869 831 927; x_wconf 84' lang='grc' dir='ltr'>“ιιί</span> <span class='ocrx_word' id='word_1_63' title='bbox 851 872 976 945; x_wconf 82' lang='grc' dir='ltr'>βασιλεῦ</span> 
     </span>
     <span class='ocr_line' id='line_1_10' title="bbox 176 957 976 1036; baseline -0.003 -16"><span class='ocrx_word' id='word_1_64' title='bbox 176 959 378 1033; x_wconf 74' lang='grc' dir='ltr'>Συρηκουσέων,</span> <span class='ocrx_word' id='word_1_65' title='bbox 393 958 443 1017; x_wconf 84' lang='grc' dir='ltr'>ου’-κ</span> <span class='ocrx_word' id='word_1_66' title='bbox 460 957 596 1036; x_wconf 75' lang='grc' dir='ltr'>ἡγεμόνος</span> <span class='ocrx_word' id='word_1_67' title='bbox 614 957 729 1035; x_wconf 86' lang='grc' dir='ltr'>δεομένη</span> <span class='ocrx_word' id='word_1_68' title='bbox 748 958 767 1034; x_wconf 93' lang='grc' dir='ltr'>ἡ</span> <span class='ocrx_word' id='word_1_69' title='bbox 785 957 891 1020; x_wconf 80' lang='grc' dir='ltr'>Ἑλλάς</span> <span class='ocrx_word' id='word_1_70' title='bbox 910 957 976 1018; x_wconf 74' lang='grc' dir='ltr'>άπέ</span> 
     </span>
     <span class='ocr_line' id='line_1_11' title="bbox 174 1046 977 1124; baseline 0.004 -21"><span class='ocrx_word' id='word_1_71' title='bbox 174 1055 284 1124; x_wconf 82' lang='grc' dir='ltr'>πεμψεν</span> <span class='ocrx_word' id='word_1_72' title='bbox 300 1047 388 1123; x_wconf 85' lang='grc' dir='ltr'>ἡμέας</span> <span class='ocrx_word' id='word_1_73' title='bbox 406 1047 475 1124; x_wconf 77' lang='grc' dir='ltr'>πρός</span> <span class='ocrx_word' id='word_1_74' title='bbox 491 1051 533 1115; x_wconf 82' lang='grc' dir='ltr'>σέ,</span> <span class='ocrx_word' id='word_1_75' title='bbox 548 1046 625 1106; x_wconf 82' lang='grc' dir='ltr'>άλλά</span> <span class='ocrx_word' id='word_1_76' title='bbox 643 1051 785 1124; x_wconf 75' lang='grc' dir='ltr'>στρατιῆς</span> <span class='ocrx_word' id='word_1_77' title='bbox 808 1046 845 1106; x_wconf 86' lang='grc' dir='ltr'>σῦ</span> <span class='ocrx_word' id='word_1_78' title='bbox 862 1047 891 1105; x_wconf 83' lang='grc' dir='ltr'>δέ</span> <span class='ocrx_word' id='word_1_79' title='bbox 908 1046 977 1111; x_wconf 86' lang='grc' dir='ltr'>ὅκως</span> 
     </span>
     <span class='ocr_line' id='line_1_12' title="bbox 174 1134 975 1216; baseline 0.011 -26"><span class='ocrx_word' id='word_1_80' title='bbox 174 1135 225 1209; x_wconf 80' lang='grc' dir='ltr'>μὲν</span> <span class='ocrx_word' id='word_1_81' title='bbox 244 1135 379 1212; x_wconf 77' lang='grc' dir='ltr'>στρατιήν</span> <span class='ocrx_word' id='word_1_82' title='bbox 399 1137 518 1214; x_wconf 84' lang='grc' dir='ltr'>πέμψεις</span> <span class='ocrx_word' id='word_1_83' title='bbox 538 1135 578 1211; x_wconf 87' lang='grc' dir='ltr'>μὴ</span> <span class='ocrx_word' id='word_1_84' title='bbox 596 1134 747 1216; x_wconf 82' lang='grc' dir='ltr'>ἡγεύμενος</span> <span class='ocrx_word' id='word_1_85' title='bbox 767 1139 817 1211; x_wconf 83' lang='grc' dir='ltr'>τῆς</span> <span class='ocrx_word' id='word_1_86' title='bbox 836 1135 975 1199; x_wconf 79' lang='grc' dir='ltr'>Ἑλλάδος</span> 
     </span>
     <span class='ocr_line' id='line_1_13' title="bbox 175 1221 974 1304; baseline -0.003 -20"><span class='ocrx_word' id='word_1_87' title='bbox 175 1221 206 1284; x_wconf 83' lang='grc' dir='ltr'>οῦ</span> <span class='ocrx_word' id='word_1_88' title='bbox 225 1224 397 1301; x_wconf 88' lang='grc' dir='ltr'>προφαίνεις,</span> <span class='ocrx_word' id='word_1_89' title='bbox 417 1224 452 1286; x_wconf 80' lang='grc' dir='ltr'>ὠς</span> <span class='ocrx_word' id='word_1_90' title='bbox 470 1224 499 1282; x_wconf 87' lang='grc' dir='ltr'>δέ</span> <span class='ocrx_word' id='word_1_91' title='bbox 520 1224 726 1303; x_wconf 85' lang='grc' dir='ltr'>στρατηγήσεις</span> <span class='ocrx_word' id='word_1_92' title='bbox 747 1222 832 1299; x_wconf 74' lang='grc' dir='ltr'>αι’ντῆς</span> <span class='ocrx_word' id='word_1_93' title='bbox 852 1224 974 1304; x_wconf 85' lang='grc' dir='ltr'>γλίχεαι·</span> 
     </span>
     <span class='ocr_line' id='line_1_14' title="bbox 174 1309 975 1390; baseline 0.002 -20"><span class='ocrx_word' id='word_1_94' title='bbox 174 1309 243 1370; x_wconf 87' lang='grc' dir='ltr'>ὅσον</span> <span class='ocrx_word' id='word_1_95' title='bbox 260 1313 312 1388; x_wconf 87' lang='grc' dir='ltr'>μέν</span> <span class='ocrx_word' id='word_1_96' title='bbox 332 1340 380 1372; x_wconf 90' lang='grc' dir='ltr'>νυν</span> <span class='ocrx_word' id='word_1_97' title='bbox 400 1313 504 1374; x_wconf 78' lang='grc' dir='ltr'>παντός</span> <span class='ocrx_word' id='word_1_98' title='bbox 523 1316 572 1372; x_wconf 87' lang='grc' dir='ltr'>τοῦ</span> <span class='ocrx_word' id='word_1_99' title='bbox 590 1311 735 1386; x_wconf 87' lang='grc' dir='ltr'>Ἑλλήνων</span> <span class='ocrx_word' id='word_1_100' title='bbox 756 1317 879 1390; x_wconf 87' lang='grc' dir='ltr'>στρατοῦ</span> <span class='ocrx_word' id='word_1_101' title='bbox 900 1313 975 1372; x_wconf 81' lang='grc' dir='ltr'>ἐδέου</span> 
     </span>
     <span class='ocr_line' id='line_1_15' title="bbox 173 1399 975 1480; baseline 0.002 -22"><span class='ocrx_word' id='word_1_102' title='bbox 173 1399 316 1480; x_wconf 85' lang='grc' dir='ltr'>ἡγέεσθαι,</span> <span class='ocrx_word' id='word_1_103' title='bbox 339 1401 445 1478; x_wconf 84' lang='grc' dir='ltr'>ἐξήρκει</span> <span class='ocrx_word' id='word_1_104' title='bbox 469 1401 536 1477; x_wconf 90' lang='grc' dir='ltr'>ἡμῖν</span> <span class='ocrx_word' id='word_1_105' title='bbox 560 1404 635 1460; x_wconf 86' lang='grc' dir='ltr'>τοῖσι</span> <span class='ocrx_word' id='word_1_106' title='bbox 656 1399 830 1475; x_wconf 90' lang='grc' dir='ltr'>Ἀθηναίοισι</span> <span class='ocrx_word' id='word_1_107' title='bbox 853 1400 975 1478; x_wconf 85' lang='grc' dir='ltr'>ἡσυχίην</span> 
     </span>
     <span class='ocr_line' id='line_1_16' title="bbox 173 1486 975 1569; baseline -0.001 -22"><span class='ocrx_word' id='word_1_108' title='bbox 173 1486 259 1569; x_wconf 76' lang='grc' dir='ltr'>ἄγειν,</span> <span class='ocrx_word' id='word_1_109' title='bbox 274 1492 486 1565; x_wconf 82' lang='grc' dir='ltr'>ἐπισταμένοισι</span> <span class='ocrx_word' id='word_1_110' title='bbox 505 1489 539 1552; x_wconf 75' lang='grc' dir='ltr'>οῖς</span> <span class='ocrx_word' id='word_1_111' title='bbox 556 1489 684 1549; x_wconf 80' lang='grc' dir='ltr'>άΛάκων</span> <span class='ocrx_word' id='word_1_112' title='bbox 703 1488 794 1551; x_wconf 86' lang='grc' dir='ltr'>ἱκανάς</span> <span class='ocrx_word' id='word_1_113' title='bbox 812 1515 855 1548; x_wconf 93' lang='grc' dir='ltr'>τοι</span> <span class='ocrx_word' id='word_1_114' title='bbox 875 1490 975 1564; x_wconf 83' lang='grc' dir='ltr'>ἔμελλε</span> 
     </span>
     <span class='ocr_line' id='line_1_17' title="bbox 175 1577 975 1657; baseline 0.005 -25"><span class='ocrx_word' id='word_1_115' title='bbox 175 1577 290 1636; x_wconf 81' lang='grc' dir='ltr'>ἔσεσθαι</span> <span class='ocrx_word' id='word_1_116' title='bbox 311 1579 356 1635; x_wconf 87' lang='grc' dir='ltr'>καὶ</span> <span class='ocrx_word' id='word_1_117' title='bbox 378 1578 446 1653; x_wconf 78' lang='grc' dir='ltr'>ὑπὲρ</span> <span class='ocrx_word' id='word_1_118' title='bbox 471 1577 637 1654; x_wconf 78' lang='grc' dir='ltr'>ἀμφοτέρων</span> <span class='ocrx_word' id='word_1_119' title='bbox 658 1577 890 1657; x_wconf 76' lang='grc' dir='ltr'>ἀπολογεύμενος·</span> <span class='ocrx_word' id='word_1_120' title='bbox 916 1577 975 1636; x_wconf 90' lang='grc' dir='ltr'>ἐπεί</span> 
     </span>
     <span class='ocr_line' id='line_1_18' title="bbox 173 1664 976 1742; baseline 0.001 -20"><span class='ocrx_word' id='word_1_121' title='bbox 173 1689 204 1722; x_wconf 91' lang='grc' dir='ltr'>τε</span> <span class='ocrx_word' id='word_1_122' title='bbox 231 1664 260 1722; x_wconf 89' lang='grc' dir='ltr'>δέ</span> <span class='ocrx_word' id='word_1_123' title='bbox 288 1665 399 1740; x_wconf 77' lang='grc' dir='ltr'>ἁπάσης</span> <span class='ocrx_word' id='word_1_124' title='bbox 426 1665 650 1742; x_wconf 81' lang='grc' dir='ltr'>ἀπελαυνόμενος</span> <span class='ocrx_word' id='word_1_125' title='bbox 676 1667 748 1724; x_wconf 86' lang='grc' dir='ltr'>δέεαι</span> <span class='ocrx_word' id='word_1_126' title='bbox 775 1669 824 1740; x_wconf 80' lang='grc' dir='ltr'>τῆς</span> <span class='ocrx_word' id='word_1_127' title='bbox 848 1669 976 1740; x_wconf 78' lang='grc' dir='ltr'>ναυτικῆς</span> 
     </span>
     <span class='ocr_line' id='line_1_19' title="bbox 174 1749 974 1832; baseline 0.004 -23"><span class='ocrx_word' id='word_1_128' title='bbox 174 1749 276 1829; x_wconf 77' lang='grc' dir='ltr'>ἄρχειν,</span> <span class='ocrx_word' id='word_1_129' title='bbox 293 1751 363 1810; x_wconf 80' lang='grc' dir='ltr'>οὕτω</span> <span class='ocrx_word' id='word_1_130' title='bbox 377 1754 433 1831; x_wconf 82' lang='grc' dir='ltr'>ἔχει</span> <span class='ocrx_word' id='word_1_131' title='bbox 446 1779 500 1812; x_wconf 90' lang='grc' dir='ltr'>τοι·</span> <span class='ocrx_word' id='word_1_132' title='bbox 522 1753 579 1813; x_wconf 78' lang='grc' dir='ltr'>οὐδ’</span> <span class='ocrx_word' id='word_1_133' title='bbox 592 1752 627 1830; x_wconf 86' lang='grc' dir='ltr'>ἡν</span> <span class='ocrx_word' id='word_1_134' title='bbox 640 1753 656 1814; x_wconf 81' lang='grc' dir='ltr'>ά</span> <span class='ocrx_word' id='word_1_135' title='bbox 670 1753 769 1813; x_wconf 83' lang='grc' dir='ltr'>Λάκων</span> <span class='ocrx_word' id='word_1_136' title='bbox 788 1755 850 1832; x_wconf 81' lang='grc' dir='ltr'>ἐπίῃ</span> <span class='ocrx_word' id='word_1_137' title='bbox 868 1780 912 1812; x_wconf 90' lang='grc' dir='ltr'>τοι</span> <span class='ocrx_word' id='word_1_138' title='bbox 928 1753 974 1830; x_wconf 79' lang='grc' dir='ltr'>ἄρ·</span> 
     </span>
     <span class='ocr_line' id='line_1_20' title="bbox 172 1839 975 1922; baseline 0.004 -25"><span class='ocrx_word' id='word_1_139' title='bbox 172 1865 232 1918; x_wconf 91' lang='grc' dir='ltr'>χειν</span> <span class='ocrx_word' id='word_1_140' title='bbox 246 1839 338 1916; x_wconf 75' lang='grc' dir='ltr'>αὐτῆς,</span> <span class='ocrx_word' id='word_1_141' title='bbox 352 1840 432 1917; x_wconf 80' lang='grc' dir='ltr'>ἡμεῖς</span> <span class='ocrx_word' id='word_1_142' title='bbox 448 1841 599 1919; x_wconf 84' lang='grc' dir='ltr'>ἐπήσομεν·</span> <span class='ocrx_word' id='word_1_143' title='bbox 621 1843 742 1919; x_wconf 84' lang='grc' dir='ltr'>ἡμετέρη</span> <span class='ocrx_word' id='word_1_144' title='bbox 758 1841 812 1922; x_wconf 93' lang='grc' dir='ltr'>γάρ</span> <span class='ocrx_word' id='word_1_145' title='bbox 827 1847 888 1900; x_wconf 90' lang='grc' dir='ltr'>ἐστι</span> <span class='ocrx_word' id='word_1_146' title='bbox 905 1841 975 1918; x_wconf 75' lang='grc' dir='ltr'>αὕτη</span> 
     </span>
     <span class='ocr_line' id='line_1_21' title="bbox 172 1928 975 2008; baseline 0.006 -23"><span class='ocrx_word' id='word_1_147' title='bbox 172 1929 267 2008; x_wconf 91' lang='grc' dir='ltr'>γε,μὴ</span> <span class='ocrx_word' id='word_1_148' title='bbox 287 1928 377 1988; x_wconf 76' lang='grc' dir='ltr'>αὐτῶν</span> <span class='ocrx_word' id='word_1_149' title='bbox 393 1931 576 2006; x_wconf 87' lang='grc' dir='ltr'>βουλομένων</span> <span class='ocrx_word' id='word_1_150' title='bbox 593 1931 827 2006; x_wconf 85' lang='grc' dir='ltr'>Λακεδαιμονίων·</span> <span class='ocrx_word' id='word_1_151' title='bbox 849 1931 975 1990; x_wconf 83' lang='grc' dir='ltr'>τούτοισι</span> 
     </span>
     <span class='ocr_line' id='line_1_22' title="bbox 172 2015 974 2098; baseline 0.002 -22"><span class='ocrx_word' id='word_1_152' title='bbox 172 2019 224 2092; x_wconf 81' lang='grc' dir='ltr'>μὲν</span> <span class='ocrx_word' id='word_1_153' title='bbox 251 2015 287 2076; x_wconf 79' lang='grc' dir='ltr'>ὧν</span> <span class='ocrx_word' id='word_1_154' title='bbox 314 2016 453 2098; x_wconf 82' lang='grc' dir='ltr'>ἡγέεσθαι</span> <span class='ocrx_word' id='word_1_155' title='bbox 474 2019 677 2096; x_wconf 86' lang='grc' dir='ltr'>βουλομένοισι</span> <span class='ocrx_word' id='word_1_156' title='bbox 702 2017 751 2078; x_wconf 80' lang='grc' dir='ltr'>οῦκ</span> <span class='ocrx_word' id='word_1_157' title='bbox 780 2017 974 2093; x_wconf 78' lang='grc' dir='ltr'>ἀντιτείνομεν,</span> 
     </span>
     <span class='ocr_line' id='line_1_23' title="bbox 173 2103 974 2186; baseline 0.002 -23"><span class='ocrx_word' id='word_1_158' title='bbox 173 2103 252 2184; x_wconf 82' lang='grc' dir='ltr'>άλλῳ</span> <span class='ocrx_word' id='word_1_159' title='bbox 274 2107 303 2164; x_wconf 87' lang='grc' dir='ltr'>δέ</span> <span class='ocrx_word' id='word_1_160' title='bbox 323 2105 488 2183; x_wconf 89' lang='grc' dir='ltr'>παρήσομεν</span> <span class='ocrx_word' id='word_1_161' title='bbox 510 2107 598 2167; x_wconf 77' lang='grc' dir='ltr'>οὐδενὶ</span> <span class='ocrx_word' id='word_1_162' title='bbox 618 2108 787 2185; x_wconf 88' lang='grc' dir='ltr'>ναυαρχέειν·</span> <span class='ocrx_word' id='word_1_163' title='bbox 809 2107 899 2182; x_wconf 82' lang='grc' dir='ltr'>μάτην</span> <span class='ocrx_word' id='word_1_164' title='bbox 919 2106 974 2186; x_wconf 79' lang='grc' dir='ltr'>γάρ</span> 
     </span>
     <span class='ocr_line' id='line_1_24' title="bbox 173 2191 975 2272; baseline 0.004 -20"><span class='ocrx_word' id='word_1_165' title='bbox 173 2191 206 2252; x_wconf 80' lang='grc' dir='ltr'>ἂν</span> <span class='ocrx_word' id='word_1_166' title='bbox 224 2191 274 2252; x_wconf 80' lang='grc' dir='ltr'>ὧδε</span> <span class='ocrx_word' id='word_1_167' title='bbox 290 2193 418 2272; x_wconf 78' lang='grc' dir='ltr'>πάραλον</span> <span class='ocrx_word' id='word_1_168' title='bbox 431 2194 576 2271; x_wconf 86' lang='grc' dir='ltr'>Ἑλλήνων</span> <span class='ocrx_word' id='word_1_169' title='bbox 589 2196 711 2271; x_wconf 81' lang='grc' dir='ltr'>στρατὸν</span> <span class='ocrx_word' id='word_1_170' title='bbox 729 2199 864 2254; x_wconf 90' lang='grc' dir='ltr'>πλεῖστον</span> <span class='ocrx_word' id='word_1_171' title='bbox 883 2196 975 2270; x_wconf 81' lang='grc' dir='ltr'>εἴημεν</span> 
     </span>
     <span class='ocr_line' id='line_1_25' title="bbox 173 2282 963 2364; baseline -0.001 -24"><span class='ocrx_word' id='word_1_172' title='bbox 173 2283 324 2358; x_wconf 86' lang='grc' dir='ltr'>ἐκτημένοι,</span> <span class='ocrx_word' id='word_1_173' title='bbox 347 2287 370 2340; x_wconf 80' lang='grc' dir='ltr'>εί</span> <span class='ocrx_word' id='word_1_174' title='bbox 394 2283 611 2359; x_wconf 76' lang='grc' dir='ltr'>Συρηκουσίοισι</span> <span class='ocrx_word' id='word_1_175' title='bbox 633 2283 722 2345; x_wconf 85' lang='grc' dir='ltr'>ἐόντες</span> <span class='ocrx_word' id='word_1_176' title='bbox 742 2282 886 2358; x_wconf 84' lang='grc' dir='ltr'>Ἀθηναῖοι</span> <span class='ocrx_word' id='word_1_177' title='bbox 907 2291 963 2364; x_wconf 79' lang='grc' dir='ltr'>συγ</span> 
     </span>
     <span class='ocr_line' id='line_1_26' title="bbox 172 2369 975 2452; baseline 0.007 -24"><span class='ocrx_word' id='word_1_178' title='bbox 172 2370 338 2448; x_wconf 91' lang='grc' dir='ltr'>χωρήσομεν</span> <span class='ocrx_word' id='word_1_179' title='bbox 360 2376 410 2446; x_wconf 87' lang='grc' dir='ltr'>τῆς</span> <span class='ocrx_word' id='word_1_180' title='bbox 434 2371 591 2452; x_wconf 87' lang='grc' dir='ltr'>ἡγεμονίης,</span> <span class='ocrx_word' id='word_1_181' title='bbox 613 2369 799 2450; x_wconf 87' lang='grc' dir='ltr'>άρχαιάτατον</span> <span class='ocrx_word' id='word_1_182' title='bbox 823 2373 874 2446; x_wconf 79' lang='grc' dir='ltr'>μὲν</span> <span class='ocrx_word' id='word_1_183' title='bbox 898 2372 975 2434; x_wconf 85' lang='grc' dir='ltr'>ἔθνος</span> 
     </span>
     <span class='ocr_line' id='line_1_27' title="bbox 172 2458 974 2536; baseline 0.004 -21"><span class='ocrx_word' id='word_1_184' title='bbox 172 2458 358 2536; x_wconf 86' lang='grc' dir='ltr'>παρεχόμενοι</span> <span class='ocrx_word' id='word_1_185' title='bbox 371 2463 469 2534; x_wconf 85' lang='grc' dir='ltr'>μοῦνοι</span> <span class='ocrx_word' id='word_1_186' title='bbox 484 2459 512 2517; x_wconf 87' lang='grc' dir='ltr'>δὲ</span> <span class='ocrx_word' id='word_1_187' title='bbox 531 2459 619 2522; x_wconf 86' lang='grc' dir='ltr'>ἐόντες</span> <span class='ocrx_word' id='word_1_188' title='bbox 637 2459 668 2519; x_wconf 81' lang='grc' dir='ltr'>οῦ</span> <span class='ocrx_word' id='word_1_189' title='bbox 685 2459 858 2536; x_wconf 78' lang='grc' dir='ltr'>μετανάσται</span> <span class='ocrx_word' id='word_1_190' title='bbox 871 2458 974 2534; x_wconf 85' lang='grc' dir='ltr'>Ἑλλή-</span> 
     </span>
     <span class='ocr_line' id='line_1_28' title="bbox 173 2546 975 2624; baseline 0 -20"><span class='ocrx_word' id='word_1_191' title='bbox 173 2571 235 2604; x_wconf 91' lang='grc' dir='ltr'>νων·</span> <span class='ocrx_word' id='word_1_192' title='bbox 259 2549 314 2604; x_wconf 83' lang='grc' dir='ltr'>τιῦν</span> <span class='ocrx_word' id='word_1_193' title='bbox 339 2547 385 2604; x_wconf 84' lang='grc' dir='ltr'>καὶ</span> <span class='ocrx_word' id='word_1_194' title='bbox 403 2546 531 2622; x_wconf 86' lang='grc' dir='ltr'>Ὅμηρος</span> <span class='ocrx_word' id='word_1_195' title='bbox 555 2547 570 2606; x_wconf 81' lang='grc' dir='ltr'>ά</span> <span class='ocrx_word' id='word_1_196' title='bbox 595 2548 727 2610; x_wconf 76' lang='grc' dir='ltr'>ἐποποιός</span> <span class='ocrx_word' id='word_1_197' title='bbox 751 2547 837 2624; x_wconf 73' lang='grc' dir='ltr'>ἄνδρα</span> <span class='ocrx_word' id='word_1_198' title='bbox 858 2546 975 2623; x_wconf 79' lang='grc' dir='ltr'>ἄριστον</span> 
     </span>
     <span class='ocr_line' id='line_1_29' title="bbox 172 2633 975 2710; baseline 0.004 -19"><span class='ocrx_word' id='word_1_199' title='bbox 172 2634 262 2708; x_wconf 83' lang='grc' dir='ltr'>ἔφησε</span> <span class='ocrx_word' id='word_1_200' title='bbox 276 2639 302 2696; x_wconf 90' lang='grc' dir='ltr'>ἐς</span> <span class='ocrx_word' id='word_1_201' title='bbox 310 2633 401 2694; x_wconf 81' lang='grc' dir='ltr'>Ἴλιον</span> <span class='ocrx_word' id='word_1_202' title='bbox 415 2633 575 2705; x_wconf 85' lang='grc' dir='ltr'>α’πικέσθαι,</span> <span class='ocrx_word' id='word_1_203' title='bbox 586 2636 667 2704; x_wconf 80' lang='grc' dir='ltr'>τάξαι</span> <span class='ocrx_word' id='word_1_204' title='bbox 681 2661 711 2694; x_wconf 94' lang='grc' dir='ltr'>τε</span> <span class='ocrx_word' id='word_1_205' title='bbox 726 2636 772 2693; x_wconf 86' lang='grc' dir='ltr'>καὶ</span> <span class='ocrx_word' id='word_1_206' title='bbox 782 2635 975 2710; x_wconf 83' lang='grc' dir='ltr'>διακοσμῆσαι</span> 
     </span>
     <span class='ocr_line' id='line_1_30' title="bbox 173 2721 975 2804; baseline 0.004 -24"><span class='ocrx_word' id='word_1_207' title='bbox 173 2721 303 2797; x_wconf 88' lang='grc' dir='ltr'>στρατόν·</span> <span class='ocrx_word' id='word_1_208' title='bbox 325 2722 395 2781; x_wconf 74' lang='grc' dir='ltr'>οὕτω</span> <span class='ocrx_word' id='word_1_209' title='bbox 416 2723 465 2782; x_wconf 79' lang='grc' dir='ltr'>οὐκ</span> <span class='ocrx_word' id='word_1_210' title='bbox 487 2723 590 2786; x_wconf 83' lang='grc' dir='ltr'>ὄνειδος</span> <span class='ocrx_word' id='word_1_211' title='bbox 611 2722 689 2783; x_wconf 79' lang='grc' dir='ltr'>οῦδὲν</span> <span class='ocrx_word' id='word_1_212' title='bbox 710 2723 777 2800; x_wconf 90' lang='grc' dir='ltr'>ἡμῖν</span> <span class='ocrx_word' id='word_1_213' title='bbox 800 2729 861 2783; x_wconf 91' lang='grc' dir='ltr'>ἐστι</span> <span class='ocrx_word' id='word_1_214' title='bbox 881 2724 975 2804; x_wconf 91' lang='grc' dir='ltr'>λέγειν</span> 
     </span>
    </p>
   </div>
   <div class='ocr_carea' id='block_1_2' title="bbox 127 2809 973 2888">
    <p class='ocr_par' dir='ltr' id='par_1_2' title="bbox 127 2809 973 2888">
     <span class='ocr_line' id='line_1_31' title="bbox 127 2809 973 2888; baseline -0.001 -18"><span class='ocrx_word' id='word_1_215' title='bbox 127 2812 182 2870; x_wconf 78' lang='grc'>162</span> <span class='ocrx_word' id='word_1_216' title='bbox 192 2809 304 2868; x_wconf 87' lang='grc' dir='ltr'>ταῦτα.”</span> <span class='ocrx_word' id='word_1_217' title='bbox 333 2811 482 2888; x_wconf 82' lang='grc' dir='ltr'>Ἀμείβετο</span> <span class='ocrx_word' id='word_1_218' title='bbox 497 2815 591 2872; x_wconf 87' lang='grc' dir='ltr'>Γέλων</span> <span class='ocrx_word' id='word_1_219' title='bbox 601 2813 706 2872; x_wconf 85' lang='grc' dir='ltr'>τοῖσδε·</span> <span class='ocrx_word' id='word_1_220' title='bbox 724 2823 742 2848; x_wconf 88' lang='grc'><strong>“</strong></span> <span class='ocrx_word' id='word_1_221' title='bbox 751 2813 821 2882; x_wconf 80' lang='grc' dir='ltr'>ξεῖνε</span> <span class='ocrx_word' id='word_1_222' title='bbox 834 2812 973 2888; x_wconf 88' lang='grc' dir='ltr'>Ἀθηναῖε,</span> 
     </span>
    </p>
   </div>
   <div class='ocr_carea' id='block_1_3' title="bbox 417 2901 424 2920">
    <p class='ocr_par' dir='ltr' id='par_1_3' title="bbox 417 2901 424 2920">
     <span class='ocr_line' id='line_1_32' title="bbox 417 2901 424 2920; baseline 0 0"><span class='ocrx_word' id='word_1_223' title='bbox 417 2901 424 2920; x_wconf 63' lang='grc' dir='ltr'>λ</span> 
     </span>
    </p>
   </div>
   <div class='ocr_carea' id='block_1_4' title="bbox 171 2897 974 2980">
    <p class='ocr_par' dir='ltr' id='par_1_4' title="bbox 171 2897 974 2980">
     <span class='ocr_line' id='line_1_33' title="bbox 171 2897 974 2980; baseline 0 -23"><span class='ocrx_word' id='word_1_224' title='bbox 171 2897 248 2975; x_wconf 74' lang='grc' dir='ltr'>ἡμεῖς</span> <span class='ocrx_word' id='word_1_225' title='bbox 267 2899 358 2958; x_wconf 82' lang='grc' dir='ltr'>οἴκατε</span> <span class='ocrx_word' id='word_1_226' title='bbox 376 2927 439 2962; x_wconf 92' lang='grc' dir='ltr'>τους</span> <span class='ocrx_word' id='word_1_227' title='bbox 455 2903 506 2976; x_wconf 84' lang='grc' dir='ltr'>μὲν</span> <span class='ocrx_word' id='word_1_228' title='bbox 524 2901 660 2980; x_wconf 78' lang='grc' dir='ltr'>ἄρχοντας</span> <span class='ocrx_word' id='word_1_229' title='bbox 678 2903 750 2980; x_wconf 87' lang='grc' dir='ltr'>ἐχειν</span> <span class='ocrx_word' id='word_1_230' title='bbox 765 2901 830 2963; x_wconf 84' lang='grc' dir='ltr'>τοῦς</span> <span class='ocrx_word' id='word_1_231' title='bbox 849 2901 877 2959; x_wconf 84' lang='grc' dir='ltr'>δὲ</span> <span class='ocrx_word' id='word_1_232' title='bbox 894 2900 974 2976; x_wconf 82' lang='grc' dir='ltr'>άρξο-</span> 
     </span>
    </p>
   </div>
   <div class='ocr_carea' id='block_1_5' title="bbox 170 2987 974 3421">
    <p class='ocr_par' dir='ltr' id='par_1_5' title="bbox 170 2987 974 3421">
     <span class='ocr_line' id='line_1_34' title="bbox 170 2987 974 3066; baseline 0.004 -21"><span class='ocrx_word' id='word_1_233' title='bbox 170 2988 268 3064; x_wconf 87' lang='grc' dir='ltr'>μένους</span> <span class='ocrx_word' id='word_1_234' title='bbox 289 2987 338 3047; x_wconf 76' lang='grc' dir='ltr'>οὐκ</span> <span class='ocrx_word' id='word_1_235' title='bbox 359 2990 440 3066; x_wconf 82' lang='grc' dir='ltr'>ἔχειν·</span> <span class='ocrx_word' id='word_1_236' title='bbox 464 2991 523 3047; x_wconf 89' lang='grc' dir='ltr'>ἐπεὶ</span> <span class='ocrx_word' id='word_1_237' title='bbox 543 2991 635 3049; x_wconf 89' lang='grc' dir='ltr'>τοίνυν</span> <span class='ocrx_word' id='word_1_238' title='bbox 658 2991 735 3050; x_wconf 82' lang='grc' dir='ltr'>οῦδὲν</span> <span class='ocrx_word' id='word_1_239' title='bbox 757 2990 880 3051; x_wconf 84' lang='grc' dir='ltr'>ῦπιέντες</span> <span class='ocrx_word' id='word_1_240' title='bbox 902 2990 974 3066; x_wconf 82' lang='grc' dir='ltr'>ἔχειν</span> 
     </span>
     <span class='ocr_line' id='line_1_35' title="bbox 170 3075 973 3157; baseline -0.002 -22"><span class='ocrx_word' id='word_1_241' title='bbox 170 3075 203 3136; x_wconf 79' lang='grc' dir='ltr'>τά</span> <span class='ocrx_word' id='word_1_242' title='bbox 217 3081 272 3137; x_wconf 81' lang='grc' dir='ltr'>πᾶν</span> <span class='ocrx_word' id='word_1_243' title='bbox 286 3079 403 3146; x_wconf 86' lang='grc' dir='ltr'>ἐθέλετε,</span> <span class='ocrx_word' id='word_1_244' title='bbox 415 3077 465 3135; x_wconf 81' lang='grc' dir='ltr'>οῦκ</span> <span class='ocrx_word' id='word_1_245' title='bbox 478 3076 512 3136; x_wconf 83' lang='grc' dir='ltr'>ἂν</span> <span class='ocrx_word' id='word_1_246' title='bbox 523 3077 656 3152; x_wconf 88' lang='grc' dir='ltr'>φθάνοιτε</span> <span class='ocrx_word' id='word_1_247' title='bbox 670 3079 722 3154; x_wconf 92' lang='grc' dir='ltr'>τὴν</span> <span class='ocrx_word' id='word_1_248' title='bbox 732 3079 871 3157; x_wconf 88' lang='grc' dir='ltr'>ταχίστην</span> <span class='ocrx_word' id='word_1_249' title='bbox 882 3077 973 3134; x_wconf 76' lang='grc' dir='ltr'>ὀπίσω</span> 
     </span>
     <span class='ocr_line' id='line_1_36' title="bbox 172 3164 972 3245; baseline 0 -23"><span class='ocrx_word' id='word_1_250' title='bbox 172 3164 425 3242; x_wconf 73' lang='grc' dir='ltr'>ἀπαλλασσόμενοι</span> <span class='ocrx_word' id='word_1_251' title='bbox 440 3166 485 3222; x_wconf 78' lang='grc' dir='ltr'>καὶ</span> <span class='ocrx_word' id='word_1_252' title='bbox 501 3165 689 3245; x_wconf 78' lang='grc' dir='ltr'>ἀγγέλλοντες</span> <span class='ocrx_word' id='word_1_253' title='bbox 703 3171 738 3244; x_wconf 80' lang='grc' dir='ltr'>τῇ</span> <span class='ocrx_word' id='word_1_254' title='bbox 751 3164 871 3224; x_wconf 84' lang='grc' dir='ltr'>Ἑλλάδι</span> <span class='ocrx_word' id='word_1_255' title='bbox 886 3164 928 3222; x_wconf 86' lang='grc' dir='ltr'>ὅτι</span> <span class='ocrx_word' id='word_1_256' title='bbox 943 3171 972 3224; x_wconf 91' lang='grc' dir='ltr'>ἐκ</span> 
     </span>
     <span class='ocr_line' id='line_1_37' title="bbox 171 3249 973 3330; baseline -0.001 -20"><span class='ocrx_word' id='word_1_257' title='bbox 171 3257 221 3311; x_wconf 89' lang='grc' dir='ltr'>τοῦ</span> <span class='ocrx_word' id='word_1_258' title='bbox 238 3257 361 3312; x_wconf 90' lang='grc' dir='ltr'>ἐνιαυτοῦ</span> <span class='ocrx_word' id='word_1_259' title='bbox 379 3255 412 3312; x_wconf 76' lang='grc' dir='ltr'>τῦ</span> <span class='ocrx_word' id='word_1_260' title='bbox 431 3255 478 3328; x_wconf 79' lang='grc' dir='ltr'>ἔαρ</span> <span class='ocrx_word' id='word_1_261' title='bbox 493 3253 563 3330; x_wconf 74' lang='grc' dir='ltr'>αὐτῇ</span> <span class='ocrx_word' id='word_1_262' title='bbox 578 3254 779 3330; x_wconf 83' lang='grc' dir='ltr'>ἐξαραίρηται.”</span> <span class='ocrx_word' id='word_1_263' title='bbox 815 3249 896 3314; x_wconf 80' lang='grc' dir='ltr'>οὗτος</span> <span class='ocrx_word' id='word_1_264' title='bbox 913 3253 973 3310; x_wconf 83' lang='grc' dir='ltr'>δέὁ</span> 
     </span>
     <span class='ocr_line' id='line_1_38' title="bbox 173 3338 972 3421; baseline -0.003 -23"><span class='ocrx_word' id='word_1_265' title='bbox 173 3339 235 3401; x_wconf 90' lang='grc' dir='ltr'>νόος</span> <span class='ocrx_word' id='word_1_266' title='bbox 247 3341 328 3398; x_wconf 81' lang='grc' dir='ltr'>τοῦδε</span> <span class='ocrx_word' id='word_1_267' title='bbox 341 3345 390 3398; x_wconf 87' lang='grc' dir='ltr'>τοῦ</span> <span class='ocrx_word' id='word_1_268' title='bbox 407 3339 537 3416; x_wconf 81' lang='grc' dir='ltr'>ῥήματος,</span> <span class='ocrx_word' id='word_1_269' title='bbox 552 3339 585 3398; x_wconf 80' lang='grc' dir='ltr'>τά</span> <span class='ocrx_word' id='word_1_270' title='bbox 600 3341 691 3400; x_wconf 86' lang='grc' dir='ltr'>ἐθέλει</span> <span class='ocrx_word' id='word_1_271' title='bbox 706 3342 807 3421; x_wconf 90' lang='grc' dir='ltr'>λέγειν·</span> <span class='ocrx_word' id='word_1_272' title='bbox 829 3341 903 3416; x_wconf 84' lang='grc' dir='ltr'>δὴλιι</span> <span class='ocrx_word' id='word_1_273' title='bbox 916 3338 972 3416; x_wconf 81' lang='grc' dir='ltr'>γάρ</span> 
     </span>
    </p>
   </div>
   <div class='ocr_carea' id='block_1_6' title="bbox 0 0 1144 3538">
    <p class='ocr_par' dir='ltr' id='par_1_6' title="bbox 0 0 1144 3538">
     <span class='ocr_line' id='line_1_39' title="bbox 0 0 1144 3538; baseline 0 1"><span class='ocrx_word' id='word_1_274' title='bbox 0 0 1144 3538; x_wconf 95' lang='lat' dir='ltr'> </span> 
     </span>
    </p>
   </div>
  </div>
 </body>
</html>
