2278 3538
153 173 260 237 αο-τι]
475 175 629 224 omnm,
906 175 953 226 247

153 253 315 331 οἰκοδόμεον
333 253 379 314 διαὶ
398 258 449 314 τοῦ
465 253 583 331 Ἰσθμοῦ
602 258 703 332 τεῖχος·
724 252 773 314 άτε
788 255 819 314 δέ
836 254 955 315 ἐουσέων

152 341 305 418 μυριαδέων
331 343 461 402 πολλέων
486 342 532 400 καὶ
555 341 659 404 παντός
683 341 781 418 οἶνδρός
806 342 953 422 ἐργαζομέ-

153 455 212 499 νου,
226 426 307 505 ἤνετο
319 429 352 489 πό
367 431 456 511 ἔργον·
478 429 591 510 καὶγὰρ
605 430 689 500 λίθοι,
709 430 755 488 καὶ
767 431 888 499 πλίνθοι,
908 431 954 488 καὶ

154 517 234 587 ξύλα,
249 519 295 576 καὶ
309 519 415 595 φορμοὶ
428 517 545 596 ψάμμου
558 516 678 595 πλήρεες
692 519 886 594 ἐσεφορέοντο·
909 518 954 576 καὶ

155 605 262 665 ἐλίνυον
283 604 380 665 ούδένα
396 605 497 684 χρόνον
512 609 539 665 οἱ
554 604 751 682 βοηθήσαντες
769 604 954 686 ἐργαζόμενοι,

155 692 216 753 οὔτε
229 693 326 757 νυκτός
339 692 402 752 ούτε
414 693 528 772 ἡμέρης.
571 697 608 753 Οἱ
621 694 651 752 δέ
669 694 851 770 βωθήσαντες
864 698 891 756 ἐς
904 693 953 753 τόν
962 694 1001 754 72

154 779 271 858 Ἰσθμόν
293 782 438 858 πανδημεὶ,
460 783 517 842 οἶδε
537 780 611 858 ἦσαν
634 781 788 858 Ἑλλήνων·
822 781 955 840 Λακεδαι-

154 869 249 944 μόνιοί
268 895 299 929 τε
327 871 372 928 καὶ
398 869 530 948 Ἀρκάδες
556 869 664 941 πάντες,
693 871 736 929 καὶ
765 870 883 941 Ἠλεῖοι,
911 869 956 929 καὶ

157 958 309 1034 Κορίνθιοι,
324 959 370 1016 καὶ
388 958 540 1028 Σικυώνιοι,
555 959 601 1016 καὶ
615 957 796 1036 Ἐπιδαύριοι,
811 959 857 1017 καὶ
870 957 955 1017 Φλιά-

156 1070 224 1112 σιοι,
256 1046 301 1103 καὶ
331 1045 495 1122 Τροιζήνιοι,
524 1046 570 1104 καὶ
597 1045 763 1123 Ἑρμιονέες.
806 1043 882 1106 οότοι
905 1049 957 1123 μέν

156 1131 231 1207 ἦσαν
249 1136 275 1191 οἱ
292 1133 489 1209 βοηθήσαντες
507 1135 553 1192 καὶ
571 1133 822 1211 ὑπεραρρωδέοντες
839 1138 875 1213 τῇ
892 1133 956 1193 Ἐλ-

156 1221 221 1280 λάδι
230 1221 432 1301 κινδυνευούσῃ·
446 1226 523 1282 τοῖσι
531 1222 560 1280 δὲ
569 1220 686 1281 άλλοισι
696 1223 956 1298 Πελοποννησίοισι

158 1309 240 1384 έμελε
253 1309 337 1369 οὐδέν.
381 1309 527 1387 Ὀλύμπια
540 1311 570 1369 δὲ
584 1311 629 1368 καὶ
644 1309 766 1387 Κάρνεια
784 1309 956 1388 παροιχώκεε

157 1395 216 1472 ἤδη.
261 1399 353 1457 Οἶκέει
380 1399 409 1457 δέ
437 1398 489 1473 την
519 1398 741 1473 Πελοπόννησον
772 1399 850 1458 ἔθνεα
879 1397 1005 1459 ἐπτά·73

158 1484 262 1544 τούτων
272 1485 301 1544 δέ
313 1485 349 1545 τά
362 1489 414 1562 μέν
431 1486 486 1560 δύο,
503 1485 660 1564 αι’ττόχθονα
678 1486 765 1560 ἐόντα,
782 1486 852 1545 κατά
864 1486 958 1565 χώρην

161 1573 266 1650 ἵδρυται
278 1579 326 1634 νῦν
339 1574 391 1650 την
405 1576 451 1634 καὶ
464 1575 496 1635 τό
511 1575 601 1634 πάλαι
615 1575 712 1650 οἴκεον,
724 1575 856 1653 Ἀρκάδες
868 1601 899 1635 τε
912 1576 959 1634 καὶ

160 1661 318 1740 Κυνούριοι·
340 1663 369 1722 ἐν
387 1663 416 1722 δέ
435 1664 519 1737 ἔθνος,
539 1664 573 1724 τό
590 1663 731 1741 Ἀχαϊκόν,
749 1669 779 1722 ἐκ
796 1667 848 1740 μὲν
867 1667 959 1723 Πελο-

160 1749 301 1825 ποννάσου
329 1749 378 1810 οὐκ
406 1752 570 1832 ἐξεχώρησε,
599 1757 628 1810 ἐκ
652 1753 748 1828 μέντοι
770 1757 821 1829 τῆς
845 1755 959 1812 έωυτῶν·

161 1839 231 1897 οέκέε
254 1839 284 1898 δέ
307 1839 359 1916 τὴν
380 1839 541 1918 άλλοτρίην.
583 1840 619 1900 τά
640 1841 670 1900 δέ
693 1841 781 1900 λοιποὶ
806 1841 885 1901 ἔθνεα
904 1844 959 1900 τῶν

161 1927 230 1987 ἔπτὰ
255 1927 402 2011 [τέσσερα]
433 1929 558 2004 ἐπήλυδά
590 1934 660 1988 ἐστι·
703 1931 821 2004 Δωριέες
846 1955 885 2002 τε,
914 1930 960 1988 καὶ

161 2017 289 2090 Αἰτωλοὶ,
308 2017 353 2075 καὶ
371 2016 505 2094 Δρύοπες,
523 2018 570 2076 καὶ
590 2016 718 2094 Λήμνιοι
762 2018 889 2092 Δωριέων
908 2019 961 2092 μέν

161 2106 270 2163 πολλαί
290 2131 321 2164 τε
345 2107 391 2164 καὶ
412 2105 521 2182 δόκιμοι
543 2103 635 2167 πόλις·
673 2107 806 2163 Αἰτωλῶν
828 2103 858 2162 δέ
871 2101 961 2167 Ἦλις

160 2193 258 2268 μούνη·
280 2193 417 2271 Δρυόπων
435 2193 464 2252 δέ
481 2192 614 2270 Ἑρμιόνη
632 2217 663 2252 τε
681 2192 728 2250 καὶ
742 2190 875 2267 Ἀσίνηή
891 2191 961 2267 πρός

163 2280 338 2360 Καρδαμύλῃ
354 2285 391 2360 τῇ
407 2285 561 2360 Λακωνικῇ·
583 2280 713 2356 Λημνίων
729 2279 759 2338 δέ
778 2283 962 2357 Παρωρεῆται

161 2368 269 2432 πάντες.
302 2373 329 2429 οἱ
342 2370 372 2429 δέ
386 2369 535 2446 Κυνούριοι
549 2368 716 2447 αὐτόχθονες
730 2367 819 2431 ἐόντες
832 2367 961 2427 δοκέουσι

161 2459 259 2531 μοῦνοι
280 2457 349 2521 εἶναι
365 2456 466 2520 Ἶωνες·
495 2457 712 2534 ἐκδεδωρίευνται
730 2456 760 2515 δὲ
778 2455 833 2516 ύπό
851 2483 882 2516 τε
897 2456 962 2533 Ἀρ-

161 2545 242 2625 γείων
263 2544 414 2625 α’ρχόμενοι
435 2546 550 2605 καὶτοῦ
570 2545 681 2624 χρόνου,
705 2545 795 2608 ἐόντες
815 2544 963 2622 Ὀρνεῆται

163 2633 207 2690 καὶ
221 2635 366 2711 περίοικοι.
381 2634 496 2694 ’τούτων
510 2633 546 2694 ὧν
558 2638 613 2693 τῶν
627 2633 696 2692 ἐπτά
711 2634 808 2693 ἐθνέων
822 2636 851 2692 αἱ
864 2633 963 2692 λοιπαὶ

162 2721 253 2792 πόλις,
266 2723 357 2800 πάρεξ
368 2728 425 2786 τών,
440 2723 581 2796 κατέλεξα,
600 2727 629 2781 ἐκ
646 2726 696 2782 τοῦ
716 2723 807 2798 μέσου
821 2724 960 2782 ἐκατέατο·
998 2753 1001 2759 ’

164 2813 188 2868 εἰ
201 2809 230 2868 δέ
245 2813 393 2888 ἐλευθέρως
403 2813 494 2881 ἔξεστι
508 2816 601 2884 εἰπεῖν,
611 2816 641 2868 ἐκ
651 2814 701 2870 τοῦ
713 2812 804 2888 μέσου
815 2810 964 2889 κατήμενοι

164 2897 303 2974 ἐμήδιζον.

206 2987 243 3044 Οἱ
255 2988 307 3062 μέν
318 2985 389 3063 δηέν
398 2989 437 3066 τῷ
448 2987 554 3065 Ἰσθμῷ
563 2986 678 3065 τοιούτῳ
688 2986 763 3065 πόνῳ
774 2987 961 3056 συνέστασαν,
971 2986 1010 3045 74

164 3071 214 3132 άτε
230 3075 360 3151 περὶτοῦ
376 3073 547 3151 ταντόςῆδη
568 3074 671 3151 δρόμον
692 3075 807 3142 θέοντες,
830 3073 876 3130 καὶ
895 3077 963 3152 τῇσι

164 3162 248 3236 νηυσὶ
266 3161 315 3222 οὐκ
334 3163 491 3232 ἐλπίζοντες
509 3162 717 3240 ἐλλάμψεσθαι·
739 3163 765 3219 οἶ
781 3161 810 3219 δὲ
827 3165 855 3218 ἐν
872 3161 963 3222 Σαλα-

164 3254 224 3327 μῖνι
237 3247 313 3325 όμῶς
327 3253 416 3310 ταῦτα
434 3249 634 3327 πυνθανόμενοι
652 3248 798 3326 ἀρρώδεον,
821 3247 870 3306 οὐκ
895 3247 964 3306 οὕτω

164 3339 229 3418 περὶ
249 3341 339 3418 σφίσι
356 3337 467 3398 αύποῖσι
484 3338 667 3414 δειμαίνοντες
685 3336 720 3400 ώς
739 3337 802 3412 περὶ
820 3340 855 3415 π]
873 3341 965 3395 Πελο-
