2276 3538
168 149 277 214 91-98]
482 151 666 200 ιιοιιυιιυιι.
924 151 968 202 1⁵7

170 230 218 290 κόν
246 230 331 298 ἔθνος,
355 227 473 307 ὕστερον
500 230 529 288 δὲ
555 230 676 290 Ἰωνικόν
700 231 805 307 ἐκλήθη
829 230 898 292 κατὰ
922 231 970 290 τόν

169 317 253 378 αὐτόν
276 317 365 399 λόγον
393 319 439 376 καὶ
464 322 490 376 οἱ
515 319 733 381 δυωδεκαπόλιες
752 319 842 382 Ἴωνες
871 323 896 378 οἱ
924 318 969 378 ἀπ’
1015 319 1016 324 ’

168 406 313 481 Ἀθηνέων.
357 408 472 469 Αἰολέες
500 407 528 465 δὲ
553 407 684 482 ἐξήκοντα
709 409 770 470 νέας
794 409 969 486 παρείχοντο,

170 495 370 571 ἐσκευασμένοι
388 522 418 555 τε
438 495 473 558 ὦς
486 495 625 571 Ἕλληνες
647 497 693 554 καὶ
713 495 745 555 τό
765 496 854 554 πάλαι
874 496 969 556 καλεό-

168 609 246 658 μενοι
261 583 419 663 Πελασγοὶ,
440 583 474 646 ὦς
492 583 636 658 Ἑλλήνων
655 585 749 665 λόγος.
793 584 969 659 Ἑλλησπόν-

167 696 222 729 τιοι
244 671 280 740 δέ,
302 670 378 746 πλὴν
399 670 570 746 Ἀβυδηνῶν·
593 671 788 751 (Ἀβυδηνοῖσι
807 673 861 752 γάρ
881 699 968 749 προσ-

169 761 296 819 ετέτακτο
311 765 340 816 ἐκ
353 761 500 835 βασιλέος,
516 760 586 819 κατά
599 760 692 838 χεόμην
705 762 830 836 μένουσι,
841 760 969 836 φύλακας

169 848 237 907 εἶναι
258 852 312 906 τῶν
333 848 497 929 γεφυρέων)
520 851 546 906 οἶ
568 848 597 906 δέ
619 850 715 908 λοιποὶ
738 855 767 906 ἐκ
788 854 836 907 τοῦ
858 848 968 908 Πόντου

169 935 391 1012 στρατευόμενοι,
414 937 580 1014 παρείχοντο
602 939 653 1011 μέν
672 937 768 995 ἑκατόν
788 939 857 1006 νέας,
876 943 969 996 ἐσκευ-

168 1025 286 1100 ασμένοι
305 1025 335 1082 δέ
353 1023 427 1099 ἦσαν
447 1023 635 1098 ὦςἝλληνες.
680 1023 756 1084 οὗτοι
770 1025 798 1083 δέ
811 1024 908 1084 Ἰώνων
922 1025 967 1084 καὶ

169 1113 296 1188 Δωριέων
317 1111 434 1172 ἄποικοι,

207 1199 397 1277 Ἐπεβάτευον
411 1201 440 1259 δέ
455 1201 500 1258 ἐπὶ
513 1202 626 1261 πασέων
639 1206 694 1260 τῶν
711 1206 778 1261 νεῶν
796 1204 908 1278 Πέρσαι
923 1204 968 1261 καὶ
978 1206 1014 1262 96

168 1291 263 1364 Μῆδοι
274 1289 319 1348 καὶ
331 1289 428 1353 Σάκαι.
452 1289 555 1348 τούτων
567 1290 595 1347 δέ
606 1289 708 1366 ἄριστα
719 1289 862 1352 πλεούσας
876 1293 969 1367 παρεί-

167 1405 252 1456 χοντο
266 1379 329 1442 νέας
338 1379 469 1446 Φοίνικες,
482 1378 528 1435 καὶ
538 1379 670 1436 Φοινίκων
682 1377 816 1440 Σιδιόνιοι.
843 1379 969 1438 τοθτοισι

168 1471 248 1536 πᾶσι,
268 1468 313 1525 καὶ
333 1471 408 1526 τοῖσι
430 1472 457 1529 ἐς
477 1466 526 1525 τόν
547 1466 630 1536 πεζόν
651 1467 847 1547 τεταγμένοισι
871 1467 967 1542 αὐτῶν,

168 1559 277 1630 ἐπῆσαν
295 1555 440 1614 ἑκάστοισι
459 1554 601 1634 ἐπιχώριοι
617 1554 759 1636 ἡγεμόνες·
784 1559 838 1614 τῶν
858 1556 918 1636 ἐγω,
936 1555 968 1615 οὗ

168 1643 221 1723 γάρ
235 1644 371 1726 α’ναγκαίῃ
386 1645 532 1726 ἐξέργομαι
546 1650 573 1706 ἐς
588 1645 712 1721 ἱστορίης
725 1643 820 1724 λόγον,
837 1644 868 1703 ov‘
881 1671 968 1720 παρα-

167 1732 318 1808 μέμνημαι·
341 1731 402 1790 οὔτε
416 1733 470 1812 γάρ
490 1734 581 1795 ἔθνεος
600 1732 719 1792 ἑκάστου
735 1733 841 1802 ἐπάξιοι
854 1733 928 1809 ἦσαν
942 1736 968 1792 οἱ

167 1818 307 1900 ἡγεμόνες,
327 1821 355 1879 ἔν
373 1847 403 1879 τε
422 1822 493 1880 έθνεῖ
513 1820 620 1900 ἑκάστῳ
640 1822 758 1899 ὅσαιπερ
778 1822 882 1892 πόλιες,
902 1849 968 1882 τοσ-

168 1913 244 1967 οῦτοι
267 1910 312 1967 καὶ
336 1909 470 1990 ἡγεμόνες
492 1909 575 1984 ἦσαν·
599 1911 709 1970 εἵποντο
730 1912 759 1969 δὲ
779 1911 813 1974 ὦς
832 1911 863 1970 οὗ
883 1939 967 1989 στρα-

167 1998 255 2078 τηγοὶ,
273 1997 338 2056 ἀλλ’
360 1997 453 2072 ὥσπερ
476 2001 502 2054 οἱ
523 1996 608 2054 ἄλλοι
626 2000 841 2075 στρατευόμενοι
862 2000 967 2058 δοῦλοι·

168 2087 226 2144 ἐπεὶ
251 2086 408 2165 στρατηγοί
428 2111 459 2143 τε
482 2087 508 2142 οἱ
530 2083 562 2142 τδ
585 2091 641 2144 πᾶν
664 2088 771 2164 ἔχοντες
800 2087 899 2163 κράτος
923 2089 969 2146 καὶ

167 2172 299 2253 ἄρχοντες
324 2177 379 2232 τῶν
407 2173 505 2231 ἐθνέων
532 2173 662 2244 ἑκάστων,
691 2173 755 2232 ὅσοι
780 2174 867 2232 αὐτῶν
894 2174 968 2249 ἦσαν

168 2263 288 2336 Πέρσαι,
303 2261 424 2337 εἰρέαταί
434 2287 492 2337 μοι.
527 2267 583 2320 Τοῦ
597 2262 626 2320 δέ
640 2267 768 2321 ναυτικοῦ
783 2262 968 2343 ἐστρατήγεον
977 2266 1013 2324 97

168 2349 233 2408 οἵδε·
254 2349 437 2428 Ἀριαβίγνης
456 2377 487 2409 τε
508 2349 523 2408 ό
546 2351 673 2426 Δαρείου,
693 2352 738 2409 καὶ
756 2350 931 2427 Πρηξάσπης
952 2351 967 2411 ὁ

167 2437 350 2506 Ἀσπαθίνεω,
361 2438 406 2495 καὶ
417 2439 588 2520 Μεγάβαζος
600 2440 615 2498 ό
625 2439 810 2521 Μεγαβάτεω,
820 2440 865 2497 καὶ
873 2439 967 2519 Ἀχαι·

166 2528 250 2604 μένης
261 2527 275 2586 ὁ
288 2527 416 2603 Δαρείου·
433 2531 483 2602 τῆς
493 2530 543 2603 μέν
552 2526 640 2590 Ἰάδος
651 2554 681 2587 τε
693 2528 738 2586 καὶ
748 2534 873 2606 Καρικῆς
883 2557 967 2607 στρα-

166 2619 226 2692 τιῆς
235 2615 425 2696 Ἀριαβίγνης,
440 2616 456 2675 ό
471 2617 590 2692 Δαρείου
600 2645 631 2676 τε
641 2622 706 2680 παῖς
718 2619 762 2676 καὶ
772 2623 822 2692 τῆς
830 2619 967 2695 Γωβρθεω

168 2704 312 2784 θυγατρός·
348 2705 506 2786 Αἰγυπτίων
536 2705 565 2763 δὲ
598 2706 765 2786 ἐστρατήγεε
790 2706 966 2785 Ἀχαιμένης,

167 2793 274 2866 Ξέρξεω
291 2792 341 2852 ἐών
359 2792 405 2852 ἀπ’
420 2793 586 2870 ἀμφοτέρων
602 2793 748 2868 α’δελφεός·
770 2800 820 2870 τῆς
834 2795 863 2853 δὲ
877 2795 967 2866 ἄλλης

168 2883 301 2956 στρατιῆς
317 2881 503 2962 ἐστρατήγεον
518 2883 543 2940 οἱ
558 2880 616 2940 δύο.
657 2882 845 2959 τριηκόντεροι
865 2883 901 2951 δέ,
922 2884 967 2940 καὶ

167 2968 384 3046 πέντηκόντεροι,
402 2971 447 3028 καὶ
469 2970 618 3047 κέρκουροι,
642 2971 687 3029 καὶ
709 2971 858 3050 ἱππαγωγοὶ
879 2973 966 3030 πλοῖα

166 3056 261 3133 μακρά
278 3056 449 3116 συνελθόντα
464 3063 490 3120 ἐς
504 3057 553 3116 τόν
567 3058 685 3135 άριθμδν
705 3058 794 3133 ἐφάνη
810 3059 966 3135 τρισχίλια.

166 3149 227 3204 Τῶν
246 3145 276 3204 δὲ
297 3145 483 3205 ἐπιπλεόντων
502 3146 574 3221 μετά
591 3173 625 3226 γε
642 3148 706 3208 τούς
719 3145 894 3225 στρατηγοθς
909 3146 965 3208 οἶδε
975 3149 1013 3206 98

166 3232 240 3307 ἦσαν
274 3236 301 3292 οἱ
330 3232 560 3308 ὀνομαστότατοι·
597 3235 726 3299 Σιδόνιος
753 3233 966 3309 Τετράμνηστος

166 3321 295 3442 ’ἡγήσοα
316 3321 362 3378 καὶ
377 3319 475 3396 Τόριος
492 3321 599 3398 Μάτην
617 3321 751 3398 Σιρώμου,
774 3322 819 3377 καὶ
837 3320 965 3394 Ἀράδιος

211 3405 282 3449 .-13
