2276 3538
171 159 201 239 ο]
490 175 674 226 nomm.
925 177 971 226 ιιι

173 259 235 314 ἐστι
255 253 334 315 οὕτω·
357 255 401 315 ἵνα
414 255 444 314 δὲ
456 253 497 332 μή
519 254 719 330 ἰδιοβουλεύειν
738 255 805 333 ὑμῖν
825 256 918 327 δοκέω,
931 259 971 317 τί·

172 344 241 419 θημι
262 342 295 402 τό
317 348 434 424 πρῆγμα
453 350 480 406 ἐς
499 345 597 419 μέσον,
616 342 729 424 γνώμην
745 344 864 404 κελεύων
881 345 972 422 ύμέων

171 432 220 490 τόν
232 433 409 509 βουλόμενον
422 431 656 509 α’ποφαίνεσθαι.”
696 436 785 492 ταῦτα
798 434 875 496 εἴπας
888 434 969 494 ἐπαύ-

172 545 226 578 ετο.

212 607 282 668 Μετ’
296 607 380 667 αύτόν
400 609 430 667 δέ
446 607 601 685 Μαρδόνιος
618 609 706 689 ἔλεγε·
728 607 775 665 “ὦ
791 608 970 679 δέσποτα,ού
985 612 1002 668 9

169 696 256 771 μόνον
270 696 308 759 εἶς
321 700 375 755 τῶν
387 697 542 775 γενομένων
557 696 689 772 Περσέων
707 695 821 773 ἄριστος
834 695 911 755 άλλά
925 698 971 756 καὶ

170 788 225 844 τῶν
241 786 389 861 ἐσομένων·
411 784 442 848 ὃς
459 784 495 844 τά
510 811 541 844 τε
556 783 633 844 ἄλλα
649 786 739 866 λέγων
755 786 847 844 ἐπίκεο
868 783 971 861 άριστα

171 874 216 931 καὶ
229 872 418 950 άληθέστατα,
433 875 478 932 καὶ
494 872 590 936 Ἴωνας
603 873 667 937 τούς
681 880 709 934 ἐν
722 879 757 952 τῇ
771 872 892 952 Εύριίπῃ
906 900 969 933 κατ-

170 964 330 1038 οικημένους
357 961 406 1021 οὐκ
433 962 524 1024 ἐάσεις
551 963 742 1044 καταγελάσαι
771 962 846 1038 η’μῖν,
875 962 969 1026 ἐόντας

170 1048 305 1118 α’ναξίους·
328 1052 374 1108 καὶ
394 1051 449 1132 γάρ
469 1050 557 1110 δεινόν
575 1049 608 1110 ἂν
628 1052 669 1126 εἴη
688 1056 812 1131 πρῆγμα,
835 1055 859 1110 εί
877 1051 970 1115 Σάκας

169 1140 221 1210 μὲν
235 1140 281 1196 καὶ
289 1139 391 1202 Ἰνδούς
402 1141 447 1198 καὶ
458 1139 594 1202 Αἰθίοπάς
606 1165 637 1198 τε
651 1140 696 1197 καὶ
708 1139 879 1216 Ἀσσυρίους
891 1139 969 1198 ἄλλα

169 1251 200 1284 τε
223 1227 301 1285 ἔθνεα
322 1228 418 1286 πολλοὶ
443 1228 487 1286 καὶ
511 1227 631 1308 μεγάλα,
656 1227 828 1302 ἀδικήσαντα
852 1228 966 1304 Πέρσας

170 1313 249 1372 οὐδὲν
262 1314 337 1373 άλλά
351 1315 465 1392 δύναμιν
478 1316 678 1393 προσκτᾶσθαι
691 1315 870 1390 βουλόμενοι,
886 1340 966 1374 κατα-

168 1404 356 1480 στρεψάμενοι
377 1405 493 1466 δούλους
513 1406 620 1483 ἔχομεν,
630 1403 774 1478 Ἕλληνας
787 1403 816 1461 δέ
831 1401 966 1478 ύπάρξαν-

167 1515 217 1554 τας
235 1490 348 1568 άδικίης,
369 1491 401 1550 ού
417 1493 643 1569 τιμωρησόμεθα·
663 1493 694 1550 τί
711 1491 868 1559 δείσαντες;
890 1492 968 1567 κοίην

168 1579 292 1655 πλήθεος
312 1579 489 1658 συστροφὴν,
512 1583 590 1657 κοίην
612 1582 642 1639 δὲ
661 1579 811 1658 χρημάτων
833 1577 966 1655 δύναμιν,

167 1672 222 1727 τῶν
240 1668 414 1745 ἐπιστάμεθα
426 1671 478 1744 μὲν
491 1670 542 1745 τὴν
557 1668 660 1747 μάχην,
675 1668 849 1744 ἐπιστάμεθα
867 1668 897 1726 δέ
916 1667 968 1744 τὴν

168 1755 283 1832 δύναμιν
307 1760 409 1816 ἐοῦσαν
433 1755 565 1816 άσθενέα·
590 1759 690 1835 ἔχομεν
710 1757 739 1816 δέ
759 1756 848 1816 αὐτῶν
867 1757 967 1820 παῖδας

168 1846 427 1923 καταστρεψάμενοι
444 1845 566 1915 τούτους,
586 1845 612 1904 οἳ
631 1851 660 1904 ἐν
680 1848 716 1922 τῇ
735 1845 855 1924 ἡμετέρῃ
876 1870 967 1904 κατοι·

168 1935 288 2008 κημένοι,
297 1931 390 1996 Ἴωνές
402 1959 433 1992 τε
447 1934 492 1991 καὶ
502 1934 616 1996 Αἰολέες
624 1933 670 1991 καὶ
679 1934 797 2008 Δωριέες
810 1933 966 1992 καλέονται.

168 2021 316 2098 ἐπειρήθην
335 2023 365 2080 δὲ
386 2023 431 2079 καὶ
452 2020 534 2084 αύτός
549 2021 602 2096 ἤδη
616 2021 773 2080 ἐπελαύνων
787 2021 832 2079 ἐπὶ
844 2019 908 2084 τούς
921 2019 966 2080 άν-

168 2109 233 2184 δρας
250 2109 372 2178 τούτους,
386 2109 440 2169 ὑπό
462 2110 568 2186 πατρὸς
588 2113 638 2168 τοῦ
659 2113 713 2168 σοῦ
730 2109 898 2170 κελευσθείς·
920 2110 969 2167 καί

166 2222 216 2271 μοι
235 2198 319 2275 μέχρι
337 2197 511 2272 Μακεδονίης
530 2197 672 2266 ἐλάσαντι,
688 2197 733 2253 καὶ
749 2194 847 2275 ὀλίγον
867 2194 965 2254 άπολι·

167 2283 247 2344 πόντι
270 2290 297 2347 ἐς
318 2285 402 2348 αὐτάς
418 2284 538 2359 Ἀθήνας
560 2283 719 2353 α’πικέσθαι,
739 2283 826 2346 οὐδεὶς
846 2281 966 2360 α’ντιυίθη

167 2377 194 2434 ἐς
213 2373 317 2452 μάχην.
360 2375 449 2432 καίτοι
461 2399 494 2452 γε
509 2373 612 2432 ἐώθασι
620 2372 768 2447 Ἕλληνες,
783 2371 818 2435 ὦς
831 2371 965 2431 πυνθάνο·

166 2486 224 2537 μαι,
242 2459 424 2536 ἀβουλότατα
445 2463 586 2536 πολέμους
608 2461 749 2533 ἵστασθαι,
765 2459 820 2520 ύπό
836 2485 866 2520 τε
879 2459 964 2541 άγνω-

166 2549 290 2625 μοσύνης
304 2551 348 2607 καὶ
362 2549 537 2624 σκαιότητος
559 2548 642 2608 ἐπεάν
663 2549 717 2628 γάρ
739 2548 896 2624 άλλήλοισι
916 2548 965 2608 πό-

166 2641 254 2711 λεμον
275 2641 438 2714 προείπωσι,
459 2637 613 2712 ἐξευρόντες
635 2637 667 2696 τό
691 2635 847 2697 κάλλιστον
864 2638 966 2715 χωρίον

167 2727 212 2782 καὶ
234 2725 387 2794 λειότατον,
409 2731 435 2787 ἐς
457 2730 540 2783 τοῦτο
562 2723 700 2786 κατιόντες
723 2725 871 2803 μάχονται·
893 2726 965 2784 ὥστε

166 2812 220 2872 σύν
234 2818 307 2892 κακῷ
326 2813 440 2893 μεγάλῳ
454 2816 481 2871 οἱ
495 2817 620 2876 νικῶντες
634 2811 881 2872 ἀπαλλάσσονται·
902 2813 966 2890 περὶ

166 2900 196 2958 δὲ
208 2906 263 2959 τῶν
278 2902 443 2976 ἑσσωμένων
457 2901 519 2961 οὐδὲ
532 2902 606 2982 λέγω
620 2899 717 2979 α’ρχην,
733 2901 845 2970 ἐξώλεες
857 2901 911 2981 γάρ
930 2900 965 2976 δὴ

165 2990 298 3066 γίνονται·
326 2989 390 3051 τούς
413 2995 492 3067 χρῆν,
515 2989 609 3052 ἐόντας
631 2989 844 3070 ὁμογλώσσους,
869 2987 967 3064 κήρυξί

166 3103 195 3136 τε
210 3078 426 3156 διαχρεωμένους
440 3077 485 3135 καὶ
499 3077 647 3158 α’γγέλοισι
669 3075 896 3152 καταλαμβάνειν
916 3074 967 3137 τοὶς

166 3165 311 3240 διαφοράς,
327 3167 372 3223 καὶ
385 3166 468 3224 παντὶ
481 3169 594 3240 μᾶλλον
607 3164 625 3241 ἢ
638 3165 757 3242 μάχῃσν
780 3167 803 3221 εί
816 3163 845 3220 δέ
858 3161 966 3224 πάντως

166 3253 222 3310 ἔδεε
244 3253 392 3329 πολεμέειν
406 3253 475 3329 πρὸς
488 3253 640 3328 ἀλλήλους,
656 3252 822 3328 ἐξευρίσκειν
842 3253 915 3328 χρῆν
930 3253 966 3327 τῇ

163 3339 293 3412 ἐκάτεροί
315 3345 371 3398 εἰσι
393 3341 649 3418 δυσχειρωτότατοι,
675 3341 720 3397 καὶ
747 3337 833 3412 ταύτῃ
858 3341 966 3412 πειρᾶν·
