2268 3536
174 159 281 223 ιι-ιτ]
477 156 679 204 ammom.
945 157 975 201 νυ

174 267 245 309 σιος,
262 241 328 316 πρὶν
341 238 359 316 ἢ
372 238 479 314 Ἰωνίην
497 263 527 296 τε
546 237 704 312 ἀποστῆναι
720 235 776 296 ἀπό
795 235 915 314 Δαρείου
931 235 977 293 καὶ

172 327 378 408 Ἀρισταγόρεα
391 327 441 386 τόν
458 325 605 401 Μιλήσιον
622 324 789 400 ἀπικόμενον
810 331 837 387 ἐς
855 323 977 399 Ἀθήνας

172 420 281 494 χρῇσαι
294 417 390 491 σφέων
403 415 542 491 βοηθέειν,
557 418 645 473 ταῦτα
658 418 753 489 πρῶτα
774 413 883 489 φράσω.

213 503 330 579 Ἀθῆναι
344 509 441 562 ἐοῦσαι
458 503 503 561 καὶ
517 504 583 579 πρὶν
600 503 731 583 μεγάλαι,
746 501 809 560 τότε
827 501 975 581 άπαλλαχς
985 503 1022 560 66

174 593 267 651 θεῖσαι
283 591 421 670 τυράννων
441 593 563 672 ἐγίνοντο
582 592 703 668 μέζονες
726 595 754 649 ἐν
768 589 798 647 δέ
812 589 914 668 αύτῇσι
927 590 975 648 δύο

173 679 269 758 ἄνδρες
302 680 491 750 ἐδυνάστευον,
519 680 695 755 Κλεισθένης
724 705 763 748 τε,
796 677 865 756 α’νὴρ
893 677 975 737 Ἀλκ-

173 770 329 845 μαιωνίδης,
350 769 440 846 ὅσπερ
462 769 495 844 δή
522 768 610 850 λόγον
631 769 687 847 ἔχει
710 768 762 844 τήν
784 768 892 843 Πυθίην
912 767 974 827 ἅνα-

173 861 277 930 πεῐσαι,
312 859 358 917 καὶ
386 856 537 939 Ἰσαγόρης
568 856 583 916 ό
613 856 777 934 Τισάνδρου,
811 857 896 932 οἰκίης
924 860 975 934 μὲν

174 945 225 1005 ἐιόν
246 946 368 1023 δοκίμου,
394 945 464 1022 ἅτάρ
491 945 527 1004 τό
552 945 683 1006 ἀνέκαθεν
707 945 756 1004 ούκ
778 947 831 1024 ἔχω
855 945 973 1021 φράσαι·

175 1033 274 1092 θύουσι
291 1035 320 1092 δέ
339 1039 365 1093 οἱ
386 1036 534 1118 συγγενέες
548 1033 632 1093 αὐτοῦ
652 1036 700 1093 Διῒ
714 1036 819 1113 Καρίῳ.
861 1032 938 1093 οὗτοι
948 1038 974 1093 οἱ

176 1118 271 1196 ἄνδρες
291 1125 465 1182 ἐστασίασαν
484 1123 548 1198 περὶ
565 1122 703 1198 δυνάμιος
725 1123 896 1198 ἑσσούμενος
913 1123 974 1182 δέό

178 1209 360 1283 Κλεισθένης,
376 1209 425 1268 τόν
446 1211 534 1284 δῆμον
554 1212 805 1286 προσεταιρίζεται.
846 1210 916 1286 μετά
937 1211 973 1282 δέ,

177 1294 369 1371 τετραφύλους
382 1295 477 1359 ἐόντας
490 1296 653 1371 Ἀθηναίους
668 1297 842 1371 δεκαφύλους
853 1300 974 1374 ἐποίησε,

176 1387 231 1441 τιῦν
247 1381 341 1446 Ἰωνος
367 1385 479 1454 παιδων,
509 1385 658 1446 Γελέοντος
680 1385 725 1441 καὶ
746 1384 906 1464 Αἰγικόρεος
930 1387 975 1445 καὶ

175 1469 315 1551 Ἀργάδεω
332 1474 377 1531 καὶ
391 1472 546 1549 Ὅπλητος,
562 1471 728 1542 ἀπαλλάξας
748 1472 797 1535 τάς
814 1476 972 1551 ἐπωνυμίας,

176 1562 327 1639 ἐπιχωρίων
337 1561 360 1619 δ’
375 1562 472 1639 ἐτέρων
482 1561 577 1638 ήριόων
589 1563 743 1639 ἐπωνυμίας
753 1562 875 1639 ἐξευρών,
886 1563 975 1640 πάρεξ

202 1651 301 1713 ἴαντος·
323 1655 420 1709 τοῦτον
435 1651 464 1709 δέ
483 1649 532 1710 ἅτε
550 1650 733 1732 άστυγείτονα
752 1652 797 1710 καὶ
815 1651 972 1730 σύμμαχον,

176 1737 264 1805 ξεῖνον
288 1738 368 1798 ἐόντα
389 1741 554 1816 προσέθετο.
597 1744 691 1800 Ταῦτα
715 1741 752 1811 δέ,
778 1740 881 1800 δοκέειν
903 1741 972 1817 ἐμοὶ,
984 1743 1020 1801 67

177 1826 303 1903 ἐμιμέετο
322 1825 337 1885 ό
358 1828 532 1903 Κλεισθένης
554 1827 633 1892 οὗτος
648 1828 698 1888 τόν
717 1833 816 1888 ἑωυτοῦ
831 1831 974 1906 μητροπά-

177 1941 253 1992 τορα,
270 1917 444 1975 Κλεισθένεα
459 1915 508 1975 τόν
523 1918 660 1980 Σικυῶνος
672 1916 814 1993 τύραννον·
836 1920 973 1977 Κλεισθέ-

176 2028 224 2077 νης
237 2003 291 2082 γάρ
305 2002 459 2084 Ἀργείοισι
473 2005 647 2080 πολεμήσας,
663 2009 746 2064 τοῦτο
766 2009 818 2082 μὲν
831 2007 974 2084 ῥαψῳδούς

176 2091 281 2150 ἔπαυσε
295 2090 324 2150 ἐν
338 2093 454 2154 Σικυῶνι
464 2092 647 2172 ἀγωνίζεσθαι
656 2097 711 2152 τῦν
723 2093 878 2170 Ὁμηρείων
889 2093 975 2154 ἐπέων

176 2179 273 2248 εἵνεκα,
288 2179 331 2239 ὅτι
348 2178 474 2260 Ἀργεῖοί
489 2207 520 2238 τε
539 2182 585 2238 καὶ
593 2179 699 2261 Ἀργος
717 2183 752 2240 τά
770 2182 866 2240 πολλά
883 2182 974 2242 πάντα

175 2266 317 2342 ῦμνέαται·
338 2269 474 2337 τοῦτοδὲ,
494 2267 583 2346 ἡρῷον
602 2269 657 2347 γάρ
672 2268 706 2344 ἦν
721 2266 767 2328 καὶ
783 2271 844 2329 ἐστι
862 2269 891 2330 ἐν
905 2271 975 2352 αὐτῇ

175 2359 211 2432 τῇ
231 2355 321 2436 άγορῇ
341 2359 395 2414 τῶν
417 2356 570 2418 Σικυωνίων
596 2355 754 2436 Ἀδρήστου
777 2359 828 2414 τοῦ
850 2365 972 2431 Ταλαοῦ,

175 2447 275 2503 τοῦτον
300 2442 459 2518 ἐπεθύμησε
484 2443 499 2502 ό
521 2445 704 2520 Κλεισθένης,
731 2445 812 2506 ἐόντα
837 2445 972 2528 Ἀργεῖον,

176 2533 310 2608 ἐκβαλεῖν
325 2536 354 2589 ἐκ
367 2535 418 2606 τῆς
435 2532 535 2610 χώρης·
551 2533 640 2592 ἐλθόν
654 2534 682 2592 δὲ
697 2539 724 2596 ἐς
739 2535 878 2611 Δελφούς,
894 2542 973 2616 ἐχρη-

175 2619 341 2697 στηριάζετο
353 2623 375 2678 εί
386 2622 516 2699 ἐκβάλλῃ
527 2620 759 2698 τόν”Αδρηστον;
774 2622 792 2698 ή
803 2623 832 2682 δὲ
844 2626 936 2700 Πυθίη
947 2630 973 2685 οἱ

174 2712 232 2787 χρᾷ
247 2712 337 2783 φᾶσα,
346 2707 507 2786 Ἀδρηστον
520 2712 571 2785 μέν
585 2709 654 2770 εἶναι
669 2711 821 2774 Σικυωνίων
837 2713 972 2788 βασιλέα,

176 2800 278 2856 ἐκεῖνον
299 2797 328 2855 δέ
349 2801 501 2873 λευστῆρα.
544 2799 603 2856 ἐπεὶ
624 2797 653 2856 δὲ
673 2797 689 2857 ό
710 2799 772 2862 θεός
791 2802 923 2882 ταῦτάγε
942 2803 974 2862 ού

175 2885 333 2960 παρεδίδου,
355 2884 485 2944 α’πελθιόν
507 2886 598 2946 ὀπίσω
619 2886 762 2964 ἐφρόντιζε
784 2890 914 2968 μηχανήν
937 2895 974 2970 τῇ

175 2971 261 3036 αύτός
275 2972 457 3050 όἈδρηστος
468 2975 670 3044 ἀπαλλάξεται·
686 2976 720 3039 ὦς
730 2976 761 3035 δέ
770 2980 797 3036 οἱ
808 2979 974 3052 ἐξευρῆσθαι

176 3061 275 3131 ἐδόκεε,
291 3063 404 3139 πέμψας
425 3067 451 3124 ἐς
471 3063 571 3138 Θήβας
588 3063 639 3126 τάς
656 3066 789 3125 Βοιωτίας
808 3064 862 3137 ἐφη
882 3065 973 3125 θέλειν
1051 3082 1060 3090 “

175 3151 369 3231 ἐπαγαγέσθαι
389 3151 576 3210 Μελάνιππον
591 3151 642 3211 τόν
658 3150 809 3209 Ἀστακοῦ
831 3153 856 3205 οἱ
870 3149 899 3204 δὲ
918 3158 972 3224 Θη-

173 3241 256 3314 βαῖοι
277 3239 387 3298 ἔδοσαν·
416 3239 624 3318 ἐπαγαγόμενος
644 3238 674 3294 δὲ
694 3236 710 3294 ὁ
731 3234 905 3306 Κλεισθένης
924 3237 974 3294 τόν

174 3326 371 3394 Μελάνιππον,
392 3325 504 3402 τέμενός
525 3329 552 3383 οἱ
571 3323 686 3389 άπέδεξε
707 3325 736 3378 ἐν
756 3317 829 3388 αύτῷ
848 3323 886 3387 τῷ
906 3345 973 3392 πρυ-
