2278 3538
164 169 305 232 ιιι-ιω]
485 171 671 220 Ποιυωιιικ.
916 172 963 220 183

162 250 288 310 τούτοισι
300 251 377 309 τοῖσι
389 250 543 325 πολέμοισι
557 250 608 308 ε’ὠν
622 249 637 309 ὁ
651 251 745 310 Γέλων
755 250 963 327 λαμπρότατος·

162 342 217 396 τῶν
240 339 268 396 δὲ
293 337 371 396 εἶπον
392 338 506 411 πολίων,
529 339 647 397 τουτέων
667 338 743 413 πλὴν
766 339 964 416 Συρηκουσέων

164 425 277 502 οὐδεμία
303 427 426 506 πέφευγε
457 425 630 504 δουλοσύνην
660 425 729 503 πρός
756 426 963 504 Ἱπποκράτεος·

163 515 368 591 Συρηκουσίους
386 513 414 570 δὲ
433 514 580 590 Κορίνθιοί
593 541 623 573 τε
640 515 686 573 καὶ
705 519 872 592 Κερκυραῖοι
889 514 964 591 ε’ρρύ-

86 672 90 678 ,
162 628 249 661 σαντο
263 602 341 679 μάχῃ
357 602 531 665 ἑσσωθέντας
545 603 590 660 ε’πὶ
603 607 720 682 ποταμῷ
732 603 855 682 Ἐλώρῳ.
890 603 964 679 ε’ρρύ-

162 717 250 750 σαντο
271 691 300 749 δὲ
322 689 399 749 οὗτοι
420 690 465 748 ἐπὶ
485 690 581 750 τοῖσδε
600 690 832 762 καταλλάξαντες,
855 691 896 750 ἐπ’
913 689 964 770 ᾧτε

162 778 339 855 Ἱπποκράτεϊ
363 777 530 855 Καμάριναν
550 781 760 856 Συρηκουσίους
783 779 963 856 παραδοῦναι·

163 868 359 944 Συρηκουσέων
374 867 403 924 δὲ
419 865 454 942 ἦν
468 865 618 944 Καμάρινα
631 867 664 926 τά
680 867 806 946 οἶρχαῖον.
849 867 897 930 Ὡς
916 869 944 926 δὲ
956 863 1011 927 155

163 956 208 1013 καὶ
221 955 408 1032 Ἱπποκράτεα
421 955 643 1031 τυραννεύσαντα
656 957 706 1014 ἴσα
717 957 778 1014 ἔτεα
791 961 829 1035 τῷ
838 956 965 1034 ἀδελφεῷ

164 1043 314 1122 Κλεάνδρῳ
339 1044 482 1118 κατέλαβε
506 1042 656 1104 άποθανεῖν
680 1044 749 1120 πρός
770 1045 840 1103 πόλι
857 1043 964 1124 Ὕβλῃ,

164 1131 408 1208 στρατευσάμενον
418 1133 463 1189 ἐπὶ
477 1132 541 1193 τούς
556 1131 696 1202 Σικελούς,
709 1131 779 1191 οὕτω
793 1131 826 1208 δη
842 1131 858 1192 ά
872 1134 966 1192 Γέλων

162 1224 201 1298 τῷ
211 1219 287 1300 λόγῳ
301 1221 439 1297 τιμωρέων
453 1224 528 1278 τοῖσι
541 1219 741 1297 Ἱπποκράτεος
754 1221 837 1278 παισὶ
850 1220 963 1278 Εὐκλεί-

164 1308 242 1386 δητε
259 1309 305 1365 καὶ
321 1307 480 1386 Κλεάνδρῳ,
496 1307 528 1365 ού
544 1309 727 1384 βουλομένων
740 1313 794 1367 τῶν
811 1309 965 1382 πολιητέων

164 1396 306 1471 κατηκόων
327 1397 366 1454 ἔτι
388 1396 464 1465 εἶναι,
485 1400 523 1474 τῷ
543 1398 619 1476 ἔργῳ,
641 1395 676 1458 ὦς
697 1395 868 1473 ἐπεκράτησε
888 1397 965 1474 μάχῃ

163 1489 218 1544 τῶν
235 1483 358 1554 Γελοίων,
377 1484 447 1562 ἦρχε
468 1483 551 1546 αύτός
573 1483 769 1562 ἀποστερήσας
787 1483 851 1546 τούς
870 1483 964 1542 Ἱππο-

164 1573 277 1650 κράτεος
305 1573 414 1635 παῖδας·
441 1573 513 1649 μετά
540 1572 569 1630 δὲ
596 1577 679 1631 τοῦτο
706 1571 739 1632 τά
767 1571 880 1648 εὕρημα,
903 1572 966 1636 τούς

163 1661 303 1742 γαμόρους
320 1663 504 1737 καλεομένους
517 1665 571 1720 τῶν
587 1662 781 1737 Συρηκουσέων
798 1660 966 1724 ἐκπεσόντας

162 1749 217 1808 ὑπό
231 1777 261 1808 τε
277 1755 328 1809 τοῦ
342 1749 432 1826 δήμου
450 1750 495 1808 καὶ
511 1753 565 1808 τῶν
580 1750 724 1826 σφετέρων
738 1749 843 1808 δούλων
857 1749 965 1830 (καλεο-

164 1839 251 1913 μένων
271 1839 300 1896 δὲ
319 1839 497 1919 Κυλλυρίων)
515 1837 531 1897 ὁ
552 1839 648 1897 Γέλων
670 1838 833 1918 καταγαγιδν
851 1837 966 1901 τούτους

162 1931 194 1984 ’ἐκ
215 1928 368 2003 Κασμένης
388 1927 486 1990 πόλιος
508 1933 534 1988 ἐς
555 1927 605 1990 τάς
627 1926 815 2003 Συρηκούσας,
832 1928 900 2005 ἔσχε
921 1929 966 1986 καὶ

163 2014 273 2078 ταύτας·
303 2014 318 2074 ά
342 2015 396 2096 γάρ
419 2016 506 2091 δῆμος
528 2015 542 2074 ὁ
565 2019 619 2074 τῶν
645 2016 840 2091 Συρηκουσέων
863 2015 966 2074 ε’πιόντι

163 2105 268 2162 Γέλωνι
292 2105 441 2180 παραδιδοῖ
461 2104 512 2178 τήν
534 2104 618 2162 πόλιν
640 2104 686 2160 καὶ
711 2102 818 2162 ἑωυτόν.
860 2101 893 2160 ‘0
917 2103 1012 2162 δὲ156

164 2193 226 2249 ε’πεί
242 2219 272 2251 τε
291 2194 439 2269 παρέλαβε
457 2193 507 2254 τάς
527 2191 714 2268 Συρηκούσας,
733 2192 823 2265 Γέλης
840 2193 891 2266 μὲν
910 2196 965 2248 ε’πι-

165 2281 285 2356 κρατέων
309 2281 396 2361 λόγον
418 2281 534 2340 ε’λάσσω
557 2281 687 2348 ε’ποιέετο,
711 2280 860 2356 ἐπιτρέψας
882 2277 967 2354 αύτήν

163 2367 267 2443 Ἱέρωνι
281 2368 408 2447 ἀδελφεῷ
423 2373 533 2428 ἑωυτοῦ·
555 2367 613 2427 άδέ
627 2367 677 2430 τάς
696 2367 875 2445 Συρηκούσας
890 2365 966 2444 έκρά·

164 2482 236 2526 τυνε,
248 2457 294 2514 καὶ
307 2455 381 2530 ἦσαν
394 2455 504 2516 ἅπαντά
519 2460 545 2516 οἶ
560 2456 746 2534 Συρήκουσαι.
778 2457 850 2514 αἰδὲ
863 2483 965 2532 παραυ-

164 2545 228 2602 τίκα
241 2543 294 2603 άνά
306 2543 330 2603 τ’
345 2546 358 2602 ἔ
372 2572 462 2622 ραμον
477 2547 522 2603 καὶ
538 2544 727 2621 άνέβλαστον·
749 2549 831 2604 τοῦτο
848 2544 966 2626 μὲνγὰρ

165 2634 373 2710 Καμαριναίους
393 2633 516 2696 ἅπαντας
538 2638 564 2696 ἐς
584 2632 634 2696 τάς
655 2632 835 2708 Συρηκούσας
855 2633 966 2713 άγαγών

164 2720 302 2796 πολιήτας
316 2722 439 2796 ἐποίησε,
452 2722 616 2798 Καμαρίνης
630 2721 659 2778 δὲ
672 2721 705 2780 τά
717 2720 788 2780 άστυ
798 2722 965 2798 κατέσκαψε·

165 2813 247 2868 τοῦτο
272 2810 301 2868 δὲ
328 2809 445 2870 Γελοίων
468 2809 656 2885 ύπερημίσεας
682 2815 737 2868 τῶν
763 2809 857 2868 άστῶν
879 2808 966 2868 τιάυτδ

165 2901 241 2955 τοῖσι
261 2899 481 2975 Καμαριναίοισι
500 2897 625 2972 ἐποίησε·
647 2899 795 2978 Μεγαρέας
812 2923 843 2955 τε
859 2896 922 2957 τούς
939 2901 967 2954 έν
1001 2889 1004 2894 Δ

166 2987 288 3065 Σικελίῃ,
309 2986 343 3049 ὥς
361 2985 590 3064 πολιορκεόμενοι
609 2991 636 3048 ἔς
654 2985 807 3065 ὁμολογίην
824 2981 967 3068 προσεχώ-

166 3099 265 3150 ρησαν,
279 3074 343 3136 τούς
356 3077 407 3151 μὲν
421 3074 510 3133 αὐτῶν
523 3073 637 3152 παχέας,
652 3072 828 3149 ἀειραμένους
840 3095 871 3128 τε
884 3070 967 3128 πόλε-

165 3187 219 3237 μον
232 3160 305 3241 αύτῷ
321 3164 366 3221 καὶ
382 3163 604 3239 προσδοκέοντας
623 3159 797 3219 ἀπολέεσθαι
816 3157 860 3215 διά
875 3161 967 3226 τοῦτο,

166 3249 240 3328 άγων
260 3255 287 3314 ε’ς
304 3250 355 3313 τάς
374 3250 553 3327 Συρηκούσας
571 3249 708 3323 πολιήτας
724 3247 848 3320 ἐποίησε·
869 3245 918 3303 τὸν
938 3245 968 3303 δέ

167 3338 256 3415 δημον
269 3344 324 3398 τῶν
338 3340 498 3420 Μεγαρέων,
513 3337 561 3396 ούκ
576 3337 656 3396 ε’όντα
668 3336 808 3410 μεταίτιον
821 3337 871 3392 τοῦ
884 3333 967 3392 πολέ·
