2276 3538
168 143 308 205 ιτα-ιιι]
512 143 624 192 nmo.
920 145 965 191 τοο

167 223 320 297 Ἀθηναίων
340 223 390 282 τόν
410 223 514 299 ἑκάστη
533 223 626 284 ἐθέλοι
645 222 732 301 ἄνδρα
750 227 836 304 ἑωυτῇ
856 223 967 294 ἐκλέξα-

166 311 235 368 σθαι
249 309 329 366 έδωκε
343 310 430 390 τούτῳ
443 317 481 389 τῷ
494 311 580 388 α’νδρί.
618 311 676 370 Καὶ
690 315 716 370 οἱ
729 310 945 388 Ἀλκμαιωνίδαι
956 313 1013 372 123

166 397 274 472 ὁμοίως,
289 395 308 472 ἢ
325 398 402 458 ούδέν
422 397 517 474 ἧσσον
537 400 645 467 τούτου,
663 399 738 474 ἦσαν
757 399 965 476 μισοτύραννοι·

166 487 245 563 θῶμα
266 486 303 546 ὦν
323 513 381 564 μοι,
396 489 442 546 καὶ
464 487 495 546 ού
511 489 663 565 προσίεμαι
676 487 728 562 την
742 487 890 562 διαβολὴν,
904 486 967 547 τού-

164 601 228 638 τους
252 602 286 656 γε
310 575 439 644 α’ναδέξαι
466 575 573 636 ἀσπίδα
597 577 694 638 οἵτινες
719 575 837 656 ἔφευγόν
861 601 891 634 τε
917 575 967 634 τόν

164 661 256 722 πάντα
277 663 379 743 χρόνον
400 663 464 727 τούς
487 664 643 741 τυράννους,
666 669 695 722 ἐκ
716 667 845 742 μηχανῆς
866 689 897 724 τε
917 665 967 738 τῆς

164 751 269 812 τούτων
289 753 416 821 ἐξέλιπον
438 756 463 811 οἱ
486 753 718 828 Πεισιστρατιδαι
739 753 790 827 τήν
808 751 963 828 τυραννίδα.

166 839 212 896 καὶ
232 839 303 898 οὕτω
320 839 370 902 τάς
382 839 502 914 Ἀθήνας
515 839 591 899 οὗτοι
604 839 678 915 ἦσαν
692 844 718 899 οἶ
732 840 967 921 ἐλευθερώσαντες

164 931 264 1006 πολλῷ
277 931 391 1004 μᾶλλον
403 927 474 1004 ἥπερ
488 927 636 1004 Ἁρμόδιός
648 954 678 987 τε
690 929 735 986 καὶ
744 927 964 1008 Ἀριστογείτων,

165 1013 202 1076 ὦς
215 1016 268 1096 ἐγώ
283 1016 372 1092 κρίνω·
395 1019 421 1074 οἱ
438 1016 559 1096 μὲνγὰρ
580 1015 751 1096 ἐξηγρίωσαν
768 1015 833 1080 τούς
850 1015 965 1074 ύπολοί·

165 1127 234 1165 πους
250 1104 503 1180 Πεισιστρατιδέων
513 1103 672 1181 Ἵππαρχον
686 1102 903 1172 ἀποκτείναντες,
921 1103 965 1162 ού-

165 1189 197 1248 δέ
215 1213 250 1248 τι·
260 1194 373 1265 μᾶλλον
392 1192 516 1251 ἔπαυσαν
533 1191 598 1254 τούς
612 1190 963 1268 λοιπούςτυραννεύοντας·

165 1275 381 1354 Ἀλκμαιωνίδαι
394 1279 423 1338 δὲ
438 1281 580 1355 ἐμφανέως
593 1279 791 1355 ἐλευθέρωσαν,
803 1282 827 1336 εἰ
840 1277 873 1352 δὴ
889 1275 968 1336 οὗτοί

164 1390 198 1445 γε
218 1364 343 1440 ἀληθέως
356 1367 431 1442 ἦσαν
452 1371 478 1426 οἱ
498 1367 549 1442 τὴν
563 1367 672 1441 Πυθίην
686 1365 885 1427 ἀναπείσαντες
897 1391 964 1442 προ-

165 1454 312 1529 σημαίνειν
324 1456 569 1531 Λακεδαιμονίοισι
588 1455 749 1530 ἐλευθεροῦν
767 1453 816 1516 τάς
837 1452 963 1528 Ἀθήνας,

165 1540 200 1604 ὥς
219 1567 268 1618 μοι
289 1543 425 1620 πρότερον
443 1544 604 1620 δεδήλωται.
645 1543 739 1602 Ἀλλοὶ
756 1541 811 1623 γάρ
830 1544 897 1606 ἴσως
916 1543 1012 1601 nl24

165 1630 388 1706 ἐπιμεμφόμενοι
407 1629 564 1706 ἈθηναίωνΙ
574 1635 611 1709 τῷ
625 1630 702 1709 δήμῳ
715 1630 900 1707 προεδίδοσαν
913 1629 965 1706 τὴν

164 1718 293 1794 πατρίδα.
328 1717 360 1777 ού
373 1721 425 1795 μὲν
439 1717 475 1778 ιῖν
487 1718 562 1794 ἦσάν
576 1725 672 1793 σφεων
685 1717 772 1777 άλλοι
786 1717 964 1795 δοκιμώτεροι

165 1805 193 1863 ἐν
205 1833 239 1885 γε
251 1805 428 1883 Ἀθηναίοισι
441 1806 542 1884 ἄνδρες,
560 1805 615 1866 ούδ
630 1806 656 1864 οἳ
668 1809 782 1882 μᾶλλον
796 1807 962 1882 ἐτετιμέατο.

166 1892 235 1952 οὕτω
250 1895 312 1953 ούδέ
325 1895 411 1975 λόγος
424 1896 516 1970 αἱρέει,
527 1893 712 1972 ἀναδεχθῆναι
726 1895 754 1952 ἐκ
767 1919 800 1974 γε
814 1892 848 1953 ἂν
860 1892 964 1952 τούτων

165 1979 273 2039 άσπίδα
287 1982 332 2040 ἐπὶ
344 1982 458 2060 τοιούτῳ
473 1983 558 2062 λόγῳ.
586 1981 720 2060 α’νεδέχθη
734 1984 785 2058 μὲν
798 1981 853 2062 γάρ
868 1979 963 2042 α’σπίς·

166 2069 212 2126 καὶ
232 2073 316 2128 τοῦτο
337 2067 386 2128 ούκ
409 2069 469 2128 ἔστι
491 2069 586 2132 ἄλλως
607 2073 701 2127 εἰπεῖν·
723 2071 831 2149 ἐγένετο
848 2067 912 2147 γάρ·
934 2067 965 2130 ὃς

166 2157 261 2233 μέντοι
273 2155 309 2232 ἦν
322 2156 338 2217 ὁ
352 2156 483 2226 ἀναδέξας
494 2155 544 2218 ούκ
559 2159 612 2236 ἔχω
622 2157 789 2232 προσωτέρω
804 2157 889 2212 εἰπεῖν
902 2153 964 2212 τού-

165 2269 229 2303 των.

208 2335 245 2392 Οἱ
263 2333 292 2391 δέ
304 2332 521 2408 Ἀλκμαιωνίδαι
541 2330 615 2406 ἦσαν
634 2333 686 2407 μὲν
705 2330 750 2389 καὶ
764 2329 799 2388 τά
812 2328 896 2388 άνέκα
915 2331 1011 2389 εν125

166 2421 291 2497 λαμπροὶ
306 2426 334 2479 ἐν
347 2423 415 2498 τῇσι
427 2418 574 2498 Ἀθήνησι·
594 2417 650 2478 άπδ
664 2419 694 2477 δὲ
706 2417 903 2494 Ἀλκμαίωνος,
918 2419 964 2476 καὶ

166 2507 242 2571 αὖτις
251 2508 425 2589 Μεγακλέος,
434 2508 560 2587 ἐγένοντο
575 2507 621 2565 καὶ
634 2506 721 2583 κάρτα
734 2507 870 2582 λαμπροί.
901 2511 962 2564 τοῦ·

165 2622 198 2654 το
214 2599 266 2672 μέν
283 2596 338 2677 γάρ
351 2596 510 2672 Ἀλκμαίων
532 2596 547 2655 ὁ
564 2596 730 2676 Μεγακλέος
747 2599 824 2655 τοῖσι
843 2599 873 2653 ἐκ
891 2597 962 2672 Σαρ-

165 2683 229 2743 δίων
244 2685 363 2744 Λυδοῖσι
381 2683 456 2761 παρά
479 2685 606 2760 Κροίσου
624 2683 848 2759 ἀπικνεομένοισι
867 2683 911 2741 ἐπὶ
929 2681 962 2742 τδ

165 2772 337 2850 χρηστήριον
350 2773 383 2832 τό
397 2777 426 2831 ἐν
440 2776 583 2847 Δελφοῖσι
599 2771 788 2848 συμπρήκτωρ
807 2796 838 2832 τε
859 2771 964 2850 ἐγίνετο

166 2861 212 2918 καὶ
226 2861 426 2937 συνελάμβανε
438 2859 595 2936 προθύμως·
618 2860 667 2918 καί
678 2885 726 2935 μιν
740 2862 865 2936 Κροῖσος
878 2857 962 2917 πυθό-

165 2973 247 3024 μενος
263 2953 318 3008 τῶν
333 2949 431 3008 λυδῶν
450 2952 505 3006 τῶν
526 2953 553 3010 ἐς
566 2947 601 3008 τά
621 2947 780 3025 χρηστήρια
797 2945 963 3020 φοιτεόντων

166 3036 265 3096 έωυτόν
285 3037 313 3095 εὖ
332 3037 442 3104 ποιέειν,
459 3037 668 3112 μεταπέμπεται
688 3039 715 3096 ἐς
737 3033 845 3108 Σάρδις·
867 3029 963 3088 άπικό-

166 3149 248 3200 μενον
265 3125 294 3182 δέ
315 3125 443 3200 δωρέεται
462 3127 559 3201 χρυσῷ
576 3123 626 3182 τόν
640 3120 673 3181 ἂν
687 3120 799 3194 δύνηται
812 3121 850 3195 τῷ
864 3121 963 3174 ἑωυτοῦ

89 3279 95 3286 ,
166 3211 276 3288 σάματι
294 3211 481 3280 ἐξενείκασθαι
499 3210 618 3279 ἐσάπαξ·
639 3209 655 3268 ό
673 3208 702 3266 δὲ
718 3205 878 3280 Ἀλκμαίων
894 3203 965 3279 πρός

167 3299 216 3375 τήν
243 3298 347 3376 δωρεὴν
374 3301 476 3358 ἐοῦσαν
502 3297 631 3372 τοιαύτην
660 3293 752 3354 τοιάδε
782 3290 962 3367 ἐπιτηδεύσας
