2262 3534
173 123 313 188 ιοο-ιιο]
499 111 652 174 omn.
921 119 969 173 πυ

172 202 341 279 Μαρδονίου,
356 204 435 282 ἔλεγε
452 201 526 262 τάδε·
549 213 567 238 “
575 201 671 280 ἄνδρες
686 201 838 277 Ἀθηναῖοι,
857 199 971 279 Μαρδό-

173 317 229 354 νιος
245 285 312 350 τείδε
332 292 418 370 λέγει·
441 292 502 366 ἐμοὶ
520 289 639 371 α’γγελίη
655 289 716 364 ἥκει
735 288 812 366 παρὸ
831 289 972 366 βασιλέος

171 379 298 458 λέγουσα
318 375 397 437 οὕτω·
424 377 599 453 Ἀθηναίοισι
619 377 669 440 τὸς
691 376 853 454 ἁμαρτάδας
871 376 922 441 τᾶς
943 383 971 442 ές

172 468 220 539 ἐμὲ
234 466 265 536 ἐξ
277 466 385 534 ἐκείνων
397 466 547 546 γενομένας
559 465 655 528 πείσας
667 466 790 542 μετίημι·
805 469 853 526 νῦν
866 491 897 525 τε
911 463 971 536 ὧδε,

172 553 322 631 Μαρδόνιε,
345 553 431 614 ποίεε·
461 557 544 614 τοῦτο
565 555 617 630 μὲν
640 552 691 628 τήν
711 558 765 633 γῆν
783 558 840 628 σφι
858 552 971 616 ἀπόδος·

170 647 255 703 τοῦτο
268 642 306 717 δὲ,
321 640 414 718 ἄλλην
427 641 497 718 πρὸς
506 641 593 720 ταύτῃ
604 641 727 702 ἑλέσθων
740 640 819 702 αύτοὶ
831 641 928 716 ἥντινα
937 639 972 701 ἂν

172 731 292 791 ἐθέλωσι
310 728 400 794 ἐόντες
417 728 576 807 αὐτόνομοι·
596 728 643 806 ίρὸ
659 755 691 789 τε
706 727 798 790 πάντα
810 735 874 805 σφι,
888 727 923 804 ἢν
936 727 971 805 δὴ

170 818 334 893 βούλωνταί
348 843 382 899 γε
398 819 460 895 ε’μοὶ
477 817 651 898 ὁμολογέειν,
664 816 832 895 ἀνόρθωσον,
848 816 904 876 ὅσα
918 816 972 897 ε’γώ

171 906 322 984 ἐνέπρησα.
362 905 466 966 τούτων
489 905 519 966 δὲ
545 905 710 986 ἀπιγμένων,
734 904 888 986 ἀναγκαίως
915 907 971 984 ἔχει

170 1019 220 1068 μοι
230 996 333 1054 ποιέειν
343 998 438 1067 ταῦτα,
449 992 484 1070 ἦν
496 993 537 1070 μὴ
549 992 583 1054 τὸ
596 993 729 1070 ὑμέτερον
741 993 835 1054 ὁντίον
847 996 970 1075 γένηται·

171 1081 246 1162 λέγω
260 1083 289 1142 δὲ
301 1082 366 1159 ύμῖν
378 1083 454 1142 τάδε·
470 1085 519 1142 νῦν
531 1083 561 1142 τί
571 1081 705 1158 μαίνεσθε
714 1081 840 1158 πόλεμον
852 1082 973 1157 βασιλέϊ

171 1167 389 1247 ὁνταειρόμενοι;
411 1168 475 1230 οὔτε
487 1169 543 1250 γὸρ
557 1167 591 1230 ἂν
609 1169 822 1246 ὑπερβάλοισθε
837 1167 901 1229 οὔτε
917 1168 974 1228 οἶοί

170 1282 202 1316 τε
218 1261 283 1318 ε’στὲ
299 1257 423 1337 ἀντέχειν
438 1256 488 1318 τὸν
503 1256 595 1317 πάντα
612 1255 723 1336 χρόνον·
748 1256 833 1316 εἴδετε
847 1258 900 1334 μέν
915 1255 971 1338 γὸρ

170 1348 221 1421 τῆς
241 1347 348 1423 Ξέρξεω
368 1347 580 1424 στρατηλασίης
600 1345 634 1406 τὸ
651 1345 761 1420 πλῆθος
778 1345 823 1404 καὶ
837 1345 874 1404 τό
893 1345 970 1426 ἔργα·

171 1433 346 1494 πυνθάνεσθε
359 1434 388 1494 δὲ
401 1435 448 1493 καὶ
457 1433 508 1510 τὴν
519 1438 566 1494 νῦν
576 1433 641 1511 παρ’
655 1433 717 1508 ἐμοὶ
731 1435 833 1493 εὀῦσαν
846 1431 970 1509 δύναμιν·

172 1519 246 1584 ὥστε
259 1524 305 1582 καὶ
317 1522 352 1600 ἢν
364 1522 452 1600 ἡμέας
464 1522 676 1599 ὑπερβάλησθε,
688 1522 734 1580 καὶ
747 1521 888 1598 νικήσητε,
899 1520 971 1600 (ταΰ-

170 1634 223 1688 περ
243 1610 308 1688 ύμῖν
330 1611 443 1688 οὐδεμία
465 1611 545 1673 ε’λτὶς
567 1611 642 1686 ε’ίπερ
666 1608 695 1668 εὖ
718 1611 870 1690 φρονέετε,)
894 1608 971 1686 ἄλλη

170 1699 308 1776 παρέσται
319 1699 533 1775 πολλαπλησίη.
576 1698 617 1775 μὴ
632 1697 668 1758 ὦν
681 1696 825 1773 βούλεσθε
838 1697 970 1776 παρισεύ·

170 1811 249 1862 μενοι
267 1789 396 1863 βασιλέϊ,
417 1787 569 1864 στέρεσθαι
588 1789 640 1863 μὲν
659 1790 709 1861 τῆς
728 1787 827 1865 χώρης,
849 1787 922 1848 θέειν
941 1785 972 1846 δὲ

171 1875 224 1934 αἰεὶ
236 1877 300 1952 περὶ
313 1875 403 1952 ύμέων
415 1875 514 1936 αὐτῶν·
536 1873 614 1933 ὁλλοὶ
628 1874 838 1934 καταλύσασθε·
855 1875 972 1954 παρέχει

171 1961 201 2022 δὲ
222 1962 287 2039 ύμῖν
308 1962 452 2022 κάλλιστα
473 1961 698 2030 καταλύσασθαι,
722 1963 862 2037 βασιλέος
884 1961 971 2040 ταύτῃ

171 2047 340 2127 (ὁρμημένου.
384 2051 448 2110 ἔστε
461 2048 609 2125 ἐλεύθεροι,
627 2048 694 2123 ἡμῖν
707 2047 861 2127 ὁμαιχμίην
874 2049 971 2108 συνθέ-

171 2163 249 2212 μενοι
269 2137 333 2197 ὁνευ
353 2164 384 2198 τε
405 2137 490 2196 δόλου
512 2136 557 2194 καὶ
577 2135 696 2211 ἀπάτης.
737 2135 894 2211 Μαρδόνιος
920 2139 972 2212 μὲν

171 2229 266 2294 ταῦτα,
281 2223 462 2301 ὦἈθηναῖοι,
475 2223 630 2284 ἐνετείλατό
639 2249 689 2301 μοι
698 2226 785 2283 εἰπεῖν
798 2223 970 2301 πρὸςῦμέας·

95 2327 99 2334 ’
171 2311 226 2392 ε’γιὸ
246 2313 276 2371 δὲ
296 2314 359 2391 περὶ
374 2315 426 2390 μὲν
443 2311 547 2387 εύνοίης
564 2316 613 2386 τῆς
631 2311 701 2390 πρὸς
719 2311 804 2388 ύμέας
821 2310 921 2388 εὀύσης
942 2312 973 2384 ἐξ

171 2405 237 2477 ε’μεΐ
251 2400 329 2460 οὐδὲν
342 2401 422 2470 λέξω·
445 2399 490 2480 (ού
503 2400 558 2481 γὸρ
572 2399 605 2459 ἂν
619 2404 667 2460 νῦν
679 2403 789 2476 πρῶτον
803 2399 971 2481 ἐκμάθοιτε)

171 2489 351 2568 προσχρηίζω
368 2489 397 2548 δὲ
414 2489 511 2566 ύμέων,
527 2488 674 2550 πείθεσθαι
693 2487 851 2566 Μαρδονίῳ·
874 2490 971 2565 ε’νορέω

170 2577 225 2656 γὸρ
239 2577 304 2654 ύμῖν
317 2577 366 2638 οὐκ
381 2578 469 2636 οἵοισί
484 2603 514 2636 τε
529 2577 690 2652 ἐσομένοισι
702 2576 751 2636 τὸν
764 2575 855 2635 πάντα
868 2576 970 2655 χρόνον

172 2666 319 2743 πολεμέειν
333 2666 434 2743 Ξέρξη·
455 2667 492 2746 (εί
504 2664 558 2745 γὸρ
573 2664 678 2742 ἐνώρων
693 2669 776 2724 τοῦτο
791 2669 820 2724 ε’ν
833 2663 906 2742 ύμῖν,
921 2664 971 2724 οὐκ

174 2748 210 2812 ὁν
223 2779 286 2814 κοτε
304 2759 332 2816 ές
350 2753 435 2828 ύμέας
455 2753 544 2828 ἦλθον
565 2753 634 2831 ἔχων
653 2753 756 2832 λόγους
775 2752 898 2832 τούσδε)
925 2753 971 2812 καὶ

172 2839 226 2920 γὰρ
246 2841 359 2918 δύναμις
378 2841 446 2918 ὑπὲρ
467 2840 612 2918 ἄνθρωπον
631 2840 650 2915 ἦ
670 2842 808 2915 βασιλέος
832 2841 902 2909 ἐστὶ,
925 2842 971 2900 καὶ

172 2929 234 3007 χεὶρ
254 2926 422 3005 ύπιρμήκης.
464 2926 499 3004 ἢν
519 2927 555 2988 ὧν
574 2927 615 3006 μή
637 2927 735 2988 αύτίκα
762 2927 970 3008 ὁμολογήσητε,

171 3015 283 3096 μεγόλα
298 3023 496 3092 προτεινόντων
512 3015 554 3075 ἐπ’
573 3017 632 3075 οἶσι
649 3015 813 3098 ὁμολογέειν
832 3016 970 3086 ἐθέλουσι,

172 3103 301 3180 δειμαίνω
313 3103 382 3182 ὑπὲρ
395 3104 493 3180 ύμέων,
504 3109 533 3164 έν
545 3105 634 3183 τρίβῳ
645 3130 675 3163 τε
684 3105 811 3180 μάλιστα
822 3103 972 3179 οἰκημένων

172 3194 226 3251 τιῧν
242 3192 398 3271 συμμάχων
413 3191 523 3253 πάντων
539 3194 595 3251 αἰεί
608 3218 639 3251 τε
653 3192 842 3269 φθειρομένων
855 3191 970 3268 μούνων,

173 3279 311 3410 εἸξφίρετύν
324 3307 352 3340 τι
365 3281 530 3358 μεταίχμιον
543 3280 594 3355 την
603 3284 658 3360 γῆν
671 3280 852 3355 κεκτημένων.
893 3277 972 3340 α’λλὸ

215 3368 284 3412 .-2‘2
