2276 3538
197 175 227 220 90
509 165 692 214 ἭΡοΔοαοι
936 160 997 224 [νι.

196 246 392 323 ἀναλαβόντας
414 245 450 306 τά
475 245 551 306 ὅπλα
573 245 685 323 χωρέειν
709 248 737 306 ἐς
759 241 825 304 τούς
843 240 996 321 Ἀργείους.

196 339 284 394 ταῦτα
305 336 351 393 καὶ
372 335 476 416 ε’γίνετο
493 334 622 393 ἐπιτελέα
640 337 669 390 ἐκ
685 335 740 390 τῶν
763 329 996 406 Λακεδαιμονίων.

197 422 313 500 ἄριστον
333 422 388 503 γοὶρ
411 423 600 498 ποιευμένοισι
621 423 698 478 τοῖσι
718 419 873 498 Ἀργείοισι
896 422 926 477 ἐκ
946 425 997 479 τοῦ

198 511 372 591 κηρύγματος
392 511 532 568 ἐπεκέατο·
557 509 602 566 καὶ
623 506 748 569 πολλούς
767 509 819 584 μὲν
840 505 997 580 ἐφόνευσαν

197 599 293 670 αὐτῶν,
308 603 407 677 πολλῷ
421 597 443 656 δ’
459 599 498 656 ἔτι
508 601 629 658 πλεῦνας
642 601 669 658 ἐς
682 595 715 654 τό
726 594 817 656 ἄλσος
829 598 879 653 τοῦ
889 593 997 674 Ἀργου

148 687 184 746 79
197 687 408 767 καταφαγόντος
427 684 612 762 περιὶζόμενοι
634 682 810 759 ἐφύλασσον.
852 680 997 742 Ἐνθεῦτεν

196 775 225 832 δὲ
238 773 254 833 ό
266 775 428 850 Κλεομένης
442 773 531 831 ἐποίεε
544 771 660 830 τοιόνδε·
682 772 751 849 ἔχων
764 769 938 846 αὐτομόλους
950 769 996 829 όν-

198 862 263 937 δρας
290 862 336 919 καὶ
357 859 563 936 πυνθανόμενος
589 859 700 942 τούτων,
730 858 857 928 ἐξεκάλεε
879 859 996 935 πέμπων

196 949 302 1026 κήρυκα
327 948 464 1025 ὀνομαστὶ
485 950 575 1029 λέγων
598 952 657 1007 τῶν
673 947 805 1028 Ἀργείων
828 945 892 1010 τούς
911 951 940 1006 ἐν
958 953 996 1026 τῷ

195 1039 243 1116 ἱρῷ
259 1037 456 1117 ἀπεργμένους·
485 1037 612 1106 ἐξεκάλεε
628 1037 664 1106 δὲ,
684 1036 739 1112 φοὶς
760 1035 849 1096 αὐτῶν
868 1035 940 1114 ἔχειν
959 1037 995 1096 τοὶ

195 1123 305 1184 ἄποινα·
327 1123 428 1184 ἄποινα
445 1125 475 1183 δέ
490 1130 551 1184 ἐστι
568 1125 827 1200 Πελοποννησίοισι
846 1122 894 1181 δύο
914 1126 994 1200 μνέαι

194 1214 360 1294 τεταγμέναι
385 1213 443 1272 κατ’
465 1212 552 1291 ἄνδρα
574 1213 752 1292 αἰχμάλωτον
773 1213 896 1271 ἐκτίνειν·
924 1213 994 1272 κατοὶ

194 1302 366 1378 πεντήκοντα
386 1302 420 1378 δή
442 1301 479 1362 ὧν
498 1307 552 1362 τῶν
575 1301 715 1381 Ἀργείων,
737 1299 772 1362 οἱς
798 1297 931 1362 ἑκάστους
952 1307 993 1359 ἐκ·

195 1390 370 1467 καλεύμενος,
399 1390 415 1449 ό
443 1391 606 1466 Κλεομένης
633 1390 741 1447 ἔκτεινε·
771 1392 859 1446 ταῦτα
886 1387 917 1446 δέ
943 1415 994 1452 κως

192 1477 325 1557 γινόμενα
342 1477 474 1552 ἐλελήθεε
490 1477 554 1539 τούς
571 1476 687 1538 λοιπούς
703 1475 766 1538 τούς
784 1480 813 1534 ἐν
828 1479 865 1553 τῷ
877 1472 993 1552 τεμένεϊ·

193 1564 241 1623 ἅτε
260 1565 316 1644 γάρ
337 1569 443 1623 πυκνοῦ
465 1564 557 1626 ἐόντος
578 1567 628 1622 τοῦ
651 1561 762 1632 ἄλσεος,
788 1562 837 1622 οὐκ
865 1562 940 1637 ὥρων
967 1568 994 1624 οἱ

195 1650 272 1714 ἐντός
281 1652 346 1714 τούς
356 1650 435 1714 ἐκτός
449 1650 464 1710 ὅ
477 1677 504 1710 τι
518 1652 670 1728 ἔπρησσον,
682 1652 747 1728 πρίν
759 1677 793 1732 γε
803 1651 837 1726 δή
851 1653 940 1710 αὐτῶν
952 1678 993 1716 τις

196 1738 305 1814 άναβοὶς
319 1740 364 1797 ἐπὶ
378 1739 488 1816 δένδρος
502 1740 608 1798 κατεῖδε
620 1740 653 1799 τό
667 1739 839 1816 ποιεύμενον·
861 1737 948 1798 οὔκων
959 1740 993 1814 δή

147 1829 234 1892 8υέτι
251 1827 416 1903 καλεόμενοι
433 1827 560 1906 ἐξῄεσαν.
601 1827 739 1887 Ἐνθοῦτο
753 1826 786 1903 δή
801 1827 816 1886 ὁ
831 1828 993 1903 Κλεομένης

196 1915 305 1974 ἐκέλευε
325 1915 416 1975 πάντα
436 1916 498 1976 τινοὶ
518 1921 573 1976 τῶν
589 1916 721 1976 εἱλωτέων
737 1916 871 1992 περινέειν
885 1913 939 1992 ὕλῃ
959 1915 992 1974 τό

192 2001 291 2066 ἄλσος·
312 2007 367 2062 τῶν
382 2005 411 2062 δὲ
425 2005 602 2080 πειθομένων,
618 2005 752 2080 ἐνέπρησε
762 2003 794 2062 τὰ
805 2001 903 2065 ἄλσος·
919 2029 992 2062 καιο-

192 2093 276 2168 μένου
290 2092 319 2150 δὲ
331 2091 392 2168 ἤδη,
408 2095 531 2170 ἐπείρετο
543 2097 598 2151 τῶν
611 2117 672 2151 τινα
683 2090 853 2167 αὐτομόλων,
864 2092 937 2154 τίνος
950 2093 991 2168 εἴη

193 2181 262 2240 θεῶν
281 2179 314 2240 τό
336 2179 442 2251 όλσος;
468 2181 483 2240 ὁ
507 2181 537 2240 δὲ
561 2181 615 2256 ἔφη
635 2179 741 2260 Ἀργου
762 2179 839 2260 εἶναι·
865 2179 880 2238 ὁ
905 2179 934 2238 δὲ
958 2180 992 2243 οἷς

191 2267 303 2343 ήκουσε,
318 2267 505 2338 α’ναστενάξας
520 2269 594 2349 μέγα
615 2267 683 2326 εἶπε·
706 2266 753 2325 “03
764 2266 912 2326 Ἄπολλον
925 2295 991 2346 χρη-

192 2357 298 2433 στήριε,
323 2356 340 2432 ἦ
366 2358 494 2437 μεγάλως
517 2381 553 2432 με
577 2354 721 2430 ἠπάτηκας
745 2355 869 2431 φάμενος
888 2355 992 2437 Ἀργος

193 2445 328 2521 αἱρήσειν·
354 2444 562 2520 συμβάλλομαι
583 2442 605 2500 δ’
628 2443 733 2518 ἐξήκειν
753 2469 802 2518 μοι
822 2443 854 2500 τό
868 2444 991 2520 χρηστή-

144 2537 180 2590 81
192 2531 277 2610 ριον.”
320 2531 401 2590 Μετοὶ
422 2531 451 2588 δὲ
471 2534 567 2598 ταῦτα,
582 2529 597 2588 ό
613 2532 774 2606 Κλεομένης
787 2530 838 2603 τήν
850 2533 902 2604 μέν
915 2531 992 2588 πλέω

192 2619 328 2696 στρατιήν
355 2617 444 2692 α’πῆκε
469 2617 578 2675 α’πιένοι
607 2622 633 2678 ἐς
658 2617 798 2692 Σπάρτην·
826 2615 935 2692 χιλίους
958 2616 991 2673 ’δὲ

192 2707 275 2768 αὐτὸς
296 2705 395 2779 λοβῶν
414 2705 479 2767 τούς
498 2703 628 2780 οἷριστέας
647 2702 690 2778 ήϊε
710 2708 736 2764 ἐς
754 2702 787 2760 τό
808 2701 924 2776 Ἡραῖον
945 2701 991 2760 θύ-

505 2794 513 2814 x
566 2790 573 2810 5
598 2791 606 2813 λ

191 2819 258 2852 σων·
285 2790 463 2868 βουλόμενον
487 2791 515 2850 δε
540 2817 623 2851 αυτον
649 2789 721 2850 θύειν
745 2790 790 2847 ἐπὶ
817 2793 867 2848 τοῦ
891 2789 991 2866 βωμοῦ

200 2879 404 2902 ccxv!
523 2877 746 2902 κυνῆ

193 2908 208 2940 ο
225 2906 296 2958 ιρευς
311 2906 474 2960 απηγορευε,
490 2886 546 2955 φας
560 2905 609 2938 ουκ
624 2904 704 2938 οσιον
720 2903 789 2936 εινοι
803 2877 880 2957 ξείνῳ
894 2877 991 2940 αὐτόθι

192 2968 274 3029 θύειν·
297 2968 313 3028 ὅ
334 2968 363 3027 δέ
377 2970 539 3043 Κλεομένης
557 2967 606 3026 τόν
626 2968 685 3044 ἱρέα
704 2968 813 3026 ἐκέλευε
834 2967 897 3030 τούς
914 2968 990 3026 εἵλω-

190 3083 239 3122 τας
262 3056 318 3117 dm)
342 3061 391 3117 τοῦ
416 3058 515 3133 βωμοῦ
540 3055 698 3137 ἀπάγοντος
725 3060 915 3137 μαστιγῶσαι·
945 3058 991 3113 καὶ

142 3155 144 3158 ’
191 3145 274 3208 αὐτός
294 3147 384 3215 ἐθυσε,
399 3145 522 3220 ποιήσας
543 3145 572 3202 δὲ
592 3149 679 3204 ταῦτα
696 3145 779 3221 οἷπήῖε
792 3151 820 3206 ἐς
833 3145 884 3219 τήν
898 3143 990 3220 Σπάρ-

900 3233 908 3254 X
944 3231 950 3250 C
983 3231 989 3251 λ

143 3236 182 3292 82
190 3259 250 3309 την.
292 3233 484 3310 Νοστήσαντα
507 3233 537 3292 δέ
559 3260 606 3309 μιν
630 3235 737 3315 όπήγον
763 3239 789 3293 οἱ
814 3235 910 3310 ἐχθροι
934 3257 989 3289 υπο

190 3321 254 3384 τούς
269 3321 395 3398 ἐφόρους,
413 3323 536 3397 φάμενοί
546 3323 594 3396 μιν
610 3324 841 3398 δωροδοκήσαντα
860 3319 909 3377 οὐκ
931 3318 989 3374 ἑλέ
