2268 3536
181 146 292 210 ιιι-τι]
481 144 685 195 ςανοικονα.
954 141 983 190 ιι

180 229 210 285 αἱ
224 224 306 284 αὐτοὶ
319 223 386 284 ἐωσι
399 223 490 300 φυλαὶ
504 224 550 282 καὶ
558 221 648 291 Ἴωσι,
662 222 712 282 τόν
721 221 867 298 ὁμώνυμον
878 223 983 281 Κλεισ-

181 313 262 372 θένεα
281 311 449 388 ἐμιμήσατο.
492 311 528 374 οἷς
540 312 596 394 γάρ
615 310 649 386 δή
666 310 715 370 τόν
728 309 881 385 Ἀθηναίων
895 309 985 385 δῆμον

180 401 318 479 πρότερον
338 400 507 478 ἀπωσμένον
526 401 590 460 τότε
611 399 703 460 πάντα
723 397 793 474 πρός
812 398 864 474 τήν
885 402 985 456 ἑωυτοῦ

180 493 282 566 μοῖραν
308 489 516 568 προσεθήκατο,
538 488 589 554 τάς
610 488 704 564 φυλάς
730 486 911 564 μετωνόμασε
938 488 984 546 καὶ
1035 507 1038 519 ·

181 578 297 654 ἐποίησε
309 581 433 642 πλεῦνας
447 578 478 648 ἐξ
494 577 668 638 ἐλασσόνων·
691 577 758 636 δέκα
775 600 806 634 τε
825 574 858 650 δή
876 574 982 652 φυλάρ

180 692 248 744 χονς
260 665 321 726 ἀντὶ
331 668 474 744 τεσσέρων
488 666 612 742 ἐποίησε,
628 666 694 724 δέκα
707 665 737 724 δὲ
750 663 797 723 καὶ
806 662 871 726 τοάς
881 661 985 739 δήμους

181 755 312 832 κατένεμε
323 759 351 818 ἐς
359 754 410 818 τάς
420 754 523 831 φυλάς·
537 753 620 830 ἦντε,
629 753 679 813 τόν
688 753 777 830 δῆμον
784 752 983 828 προσθέμενος,

180 847 280 922 πολλῷ
294 843 449 921 κατύπερθε
461 847 517 904 τῶν
530 842 780 902 ἀντιστασιωτέων.
799 839 848 899 Ἐν
858 843 897 918 τῷ
905 840 984 916 μέρεϊ
992 841 1031 900 70

181 930 210 989 δέ
226 931 397 1008 ἑσσούμενος
412 931 428 990 ὁ
442 931 600 1012 Ἰσαγόρης,
619 931 812 1008 ἀντιτεχνᾶται
829 928 904 988 τάδε·
926 933 982 988 ἐπι-

181 1021 309 1078 καλέεται
331 1021 495 1096 Κλεομένεα
518 1019 568 1079 τὸν
588 1017 816 1094 Λακεδαιμόνιον,
834 1016 984 1096 γενόμενον

183 1108 271 1182 ἑωυτῷ
288 1108 375 1175 ξεῖνον
393 1107 450 1166 ἀπό
469 1112 519 1182 τῆς
537 1105 793 1182 Πεισιστρατιδέων
810 1105 983 1181 πολιορκίης·

183 1192 232 1251 τόν
259 1193 288 1250 δέ
322 1195 484 1270 Κλεομένεα
519 1195 575 1271 εἶχε
603 1196 676 1268 αἰτίη
704 1198 805 1268 φοιτᾶν
831 1192 908 1270 παρὰ
933 1198 983 1252 τοῦ

183 1277 334 1360 Ἰσαγόρεω
349 1279 402 1356 τήν
418 1285 545 1360 γυναῖκα.
586 1280 622 1339 τά
639 1284 690 1356 μὲν
704 1279 738 1355 δή
752 1284 850 1356 πρῶτα
867 1281 984 1356 πέμπων

182 1366 199 1428 ὁ
226 1369 390 1445 Κλεομένης
417 1358 445 1432 ἐς
471 1368 521 1432 τάς
550 1367 671 1442 Ἀθήνας
700 1367 814 1444 κήρυκα,
842 1367 984 1443 ἐξέβαλλε

182 1457 365 1527 Κλεισθένεα,
388 1458 433 1519 καὶ
453 1457 513 1534 μετ’
528 1457 612 1516 αὑτοῦ
633 1454 740 1519 ἀλλους
759 1454 886 1519 πολλοὺς
902 1454 982 1532 Ἀθη-

181 1545 262 1605 ναίων
275 1546 340 1608 τούς
356 1547 469 1626 ἐναγέας
482 1547 627 1626 ἐπιλέγων·
641 1548 729 1604 ταῦτα
739 1544 769 1604 δὲ
779 1545 895 1620 πέμπων
904 1545 984 1626 ἔλεγε

181 1637 211 1691 ἐκ
225 1633 339 1712 διδαχῆς
351 1638 402 1694 τοῦ
415 1633 576 1716 Ἰσαγόρεω·
598 1636 686 1710 οἱμὲν
698 1634 754 1714 γάρ
767 1633 984 1710 Ἀλκμαιωνίδαι

181 1721 227 1780 καὶ
246 1725 273 1781 οἱ
292 1727 487 1782 συστασιῶται
507 1723 596 1782 αὐτῶν
618 1722 695 1801 εἶχον
715 1721 805 1797 αἰτίην
823 1726 872 1780 τοῦ
890 1721 980 1798 φόνου

180 1809 289 1870 τούτου·
310 1810 393 1874 αιἰτάς
413 1811 442 1868 δὲ
463 1810 495 1869 οὐ
515 1815 635 1889 μετεῖχε,
657 1809 713 1869 οὐδ’
735 1813 762 1868 οἱ
783 1810 865 1885 φέλοι
886 1808 980 1868 αὖτοῦ.

182 1899 219 1956 Οἶ
227 1895 250 1955 δ’
259 1899 367 1978 ἐναγέες
376 1897 529 1974 Ἀθηναίων
540 1897 592 1957 ὦδε
602 1898 819 1975 ὠνομάσθησαν·
834 1897 869 1972 ἦν
880 1896 982 1958 Κύλων
991 1898 1028 1959 71

180 1988 234 2044 τῶν
246 1984 398 2061 Ἀθηναίων
411 1985 481 2063 ἀνὴρ
494 1986 723 2062 Ὀλυμπιονίκης·
738 1983 818 2050 οὗτος
829 1986 874 2044 ἐπὶ
885 2011 982 2062 τυραν·

181 2072 233 2132 νίδι
259 2072 390 2150 ἐκόμησε·
420 2073 688 2151 προσποιησάμενος
708 2074 738 2132 δὲ
760 2073 900 2148 ἐταιρηΐην
926 2076 982 2132 τῶν

180 2159 345 2233 ἡλικιωτέων
358 2163 531 2237 καταλαβεῖν
548 2161 600 2236 τήν
616 2160 772 2236 ἀκρόπολιν
786 2160 928 2235 ἐπειρήθη·
951 2159 984 2218 ov'

181 2247 328 2325 δυνάμενος
354 2249 383 2307 δὲ
413 2253 607 2324 ἐπικρατῆσαι,
637 2248 726 2322 ἱκέτης
754 2246 826 2316 ἵζετο
852 2245 923 2324 πρός
949 2249 982 2308 τό

180 2333 305 2415 άγαλμο·
339 2335 453 2399 τούτους
479 2335 626 2396 ἀνιστέασι
647 2337 699 2410 μὲν
722 2337 749 2393 οἱ
772 2335 903 2412 πρυτάνις
928 2342 983 2398 τῶν

180 2423 360 2500 Ναυκράρων,
381 2423 461 2499 οἵπερ
478 2425 574 2500 ἔνεμον
592 2423 656 2482 τότε
679 2423 729 2487 τάς
748 2423 876 2502 Ἀθήνας,
898 2425 983 2509 ὑπεγ-

178 2511 261 2591 γύους
278 2512 355 2588 πλὴν
374 2511 503 2572 θανάτου·
526 2517 663 2588 φονεῦσαι
682 2513 711 2572 δὲ
728 2513 826 2576 αὐτοῦς
839 2516 912 2592 αἰτίη
927 2517 983 2595 ἔχει

177 2600 407 2676 Ἀλκμαιωνίδας.
447 2604 536 2661 ταῦτα
553 2600 608 2679 πρδ
626 2606 676 2678 τῆς
695 2602 905 2679 Πεισιστράτου
921 2603 982 2679 ήλι-

178 2689 239 2764 κίης
252 2689 371 2769 ἐγένετο.

219 2778 383 2853 Κλεομένης
401 2777 430 2836 δέ
453 2777 488 2841 ὦς
508 2778 625 2854 πέμπων
647 2779 786 2853 ἐξέβαλλε
807 2781 1031 2841 Κλεισθένεα72

178 2865 224 2922 καὶ
245 2864 309 2926 τούς
326 2866 448 2945 ἐναγέας,
469 2867 643 2941 Κλεισθένης
663 2869 714 2943 μὲν
733 2866 815 2930 αὐτός
833 2868 981 2947 ὑπεξέσχε·

177 2952 249 3028 μετά
263 2952 300 3022 δὲ,
316 2952 395 3012 οὐδὲν
408 2951 504 3028 ἧσσον
517 2957 609 3030 παρῆν
623 2959 650 3016 ἐς
663 2954 713 3018 τάς
726 2954 846 3030 Ἀθήνας
860 2955 876 3016 ὁ
892 2961 981 3014 Κλεο-

177 3040 263 3117 μένης
275 3040 308 3100 οό
322 3041 377 3101 σῦν
389 3041 501 3122 μεγάλη
514 3043 595 3121 χειρὶ,
610 3042 776 3120 ἀπικόμενος
790 3043 819 3100 δὲ
833 3043 984 3122 ἀγηλατέει

178 3129 335 3190 ἑπτακόσια
364 3129 478 3190 ἐπίστια
506 3129 668 3205 Ἀθηναίων,
697 3131 733 3190 τά
762 3133 788 3186 οἱ
808 3129 935 3186 Ιὑπέθετο
968 3129 984 3187 ὁ

176 3213 337 3298 Ἰσαγόρης.
364 3223 453 3278 ταῦτα
472 3219 502 3277 δέ
522 3217 653 3291 ποιήσας,
673 3217 788 3288 δεύτερα
802 3213 855 3285 τήν
871 3214 983 3288 βουλήν

165 3306 327 3366 καταλύειν
344 3310 481 3382 ἐπειρᾶτο,
496 3304 684 3380 τριηκοσίοισι
699 3301 727 3357 δὲ
741 3302 817 3355 τοῖσι
830 3297 984 3374 Ἰσαγόρεω
