2278 3538
135 193 278 254 223-2'27]
442 193 628 242 HOATMNIA.
889 199 938 246 213

135 274 276 350 βασιλέος
289 273 326 350 ἦν
338 273 484 351 ἀδελφεάς,
495 273 673 337 Ὑστάσπεος
686 274 715 334 δέ
725 278 776 334 τοῦ
788 274 938 352 Ἀρσάμεω

136 366 211 425 παῖς·
246 361 277 425 ὃς
302 363 348 421 καὶ
372 362 493 425 ἐκδιδούς
516 361 569 438 τήν
593 363 731 442 θυγατέρα
752 363 867 442 Δαρείῳ,
889 364 938 424 τὸν

136 450 213 511 οἶκον
239 449 332 510 πάντα
358 451 407 511 τόν
433 454 532 510 ἑωυτοῦ
560 450 685 519 ἐπέδωκε,
719 449 755 513 οἷς
780 451 884 526 μούνου
911 455 938 511 οἱ

136 538 236 615 ἐούσης
253 538 355 614 ταύτης
372 540 479 599 τέκνου.
519 537 628 614 Ξέρξεώ
645 563 676 596 τε
693 538 727 614 δή
741 538 789 597 δύο
803 538 938 614 α’δελῴεοὶ

136 627 253 686 ἐνθαῦτα
274 628 411 686 πίπτουσι
429 625 599 706 μαχεόμενοι
618 625 687 702 θπέρ
705 630 755 685 τοῦ
773 631 870 702 νεκροῦ
888 631 939 685 τοῦ

135 715 285 774 Λεωνίδεω·
307 715 442 792 Περσέων
454 741 486 774 τε
499 716 545 772 καὶ
555 714 778 791 Λακεδαιμονίων
793 714 918 790 ὠθισμός
926 717 984 774 225

135 804 244 882 ἐγένετο
257 803 377 866 πολλός·
399 809 426 866 ἐς
445 802 462 863 ὃ
481 802 581 862 τοῦτόν
600 829 631 862 τε
651 801 737 881 α’ρετῇ
757 806 784 861 οἱ
798 801 938 878 Ἓλληνες

135 889 328 968 ὑπεξείρυσαν,
342 891 388 950 καὶ
402 892 553 969 ἐτρέψαντο
570 890 634 954 τούς
653 891 791 953 ἐναντίους
802 891 934 968 τετράκις.

134 982 218 1038 τοῦτο
244 978 274 1037 δέ
301 978 470 1054 συνεστήκεε
496 980 581 1057 μέχρι
604 976 636 1038 οὗ
664 982 690 1038 οἱ
717 979 771 1038 σύν
796 977 936 1058 Ἐπιάλτῃ

134 1067 331 1148 παρεγένοντο·
353 1067 388 1130 ὦς
406 1067 435 1126 δὲ
453 1065 567 1129 τούτους
586 1065 663 1142 ἥκειν
681 1066 815 1126 ἐπύθοντο
832 1067 936 1126 orm-

134 1158 225 1230 ληνες,
241 1156 364 1215 ἐνθεῦτεν
377 1154 431 1231 ἤδη
445 1158 599 1232 ἑτεροιοῦτο
617 1155 650 1214 τό
669 1159 766 1218 νεῖκος·
795 1157 821 1218 ἐς
837 1181 867 1214 τε
882 1155 937 1235 γάρ

134 1242 167 1301 τά
181 1241 293 1303 στεινόν
306 1247 357 1318 τῆς
373 1243 439 1304 όδοῦ
455 1242 608 1322 ἀνεχώρεον
626 1241 726 1312 ὀπίσω,
741 1244 786 1300 καὶ
803 1263 936 1318 παραμει-

135 1329 256 1407 ψάμενοι
268 1330 301 1390 τό
318 1335 411 1410 τεῖχος
427 1331 555 1394 ἐλθόντες
574 1331 665 1402 ἵζοντο
684 1331 729 1389 ἐπὶ
746 1332 796 1390 τόν
814 1330 936 1390 κολωνόν

134 1417 237 1480 πάντες
248 1417 327 1482 άλέες
340 1423 367 1478 οἱ
380 1418 475 1488 άλλοι,
489 1418 565 1494 πλήν
578 1419 721 1495 Θηβαίων·
742 1418 758 1477 ό
772 1418 801 1476 δὲ
815 1417 946 1480 κολωνός.

135 1511 198 1564 ἐστι
211 1512 240 1566 ἐν
252 1510 288 1584 τῇ
302 1507 390 1586 ἐσόδῳ
403 1507 469 1567 ὅκου
482 1511 531 1566 νῦν
543 1507 559 1566 ὁ
573 1507 678 1570 λίθινος
692 1507 763 1566 λέων
774 1507 874 1582 ἔστηκε
888 1506 934 1565 ἐπὶ

134 1595 267 1674 Λεωνίδῃ·
302 1599 331 1654 ἐν
355 1595 444 1674 τούτῳ
472 1596 564 1670 σφέας
590 1598 629 1674 τῷ
648 1594 728 1674 χοίρῳ
752 1593 937 1672 ἀλεξομένους

134 1683 299 1762 μαχαίρῃσι,
319 1687 396 1744 τοῖσι
419 1682 508 1742 αὐτῶν
532 1683 683 1765 ἐτύγχανον
704 1685 743 1742 ἐτι
763 1688 933 1760 περιεοῦσαι,

135 1771 182 1828 καὶ
208 1771 290 1849 χερσὶ
319 1772 364 1830 καὶ
391 1771 526 1848 στόμασι,
555 1773 717 1850 κατέχωσαν
739 1775 765 1831 οἱ
789 1771 935 1850 βάρβαροι

134 1857 345 1933 βάλλοντες,οί
365 1863 417 1935 μὲν
437 1861 468 1929 ἐξ
488 1861 611 1936 ἐναντίης
632 1858 816 1935 ἐπισπόμενοι
837 1861 883 1918 καὶ
903 1860 936 1920 τό

72 1997 80 2006 .
135 1946 222 2022 ἔρυμα
236 1951 286 2006 τοῦ
302 1947 408 2026 τείχεος
427 1947 633 2028 συγχώσαντες,
650 1950 677 2006 οἱ
696 1947 725 2006 δὲ
743 1949 936 2024 περιελθόντες

134 2033 256 2094 πάντοθε
268 2035 446 2112 περισταδόν.

174 2122 399 2201 Δακεδαιμονίων
419 2124 449 2183 δέ
466 2125 511 2183 καὶ
527 2125 671 2182 Θεσπιέων
689 2123 820 2183 τοιούτων
837 2147 914 2202 γενσ
924 2125 982 2183 226

133 2210 230 2284 μένων,
242 2210 314 2288 ὅμως
325 2210 520 2292 λέγεταιιάνήρ
531 2209 645 2282 ἄριστος
655 2211 786 2292 γενέσθαι
798 2208 935 2285 Σπαρτιή-

133 2321 184 2370 της
202 2300 345 2376 Διηνέκης·
366 2299 417 2358 τόν
432 2299 495 2358 τάδε
516 2300 591 2373 φασὶ
612 2299 686 2357 εἶπαι
707 2299 739 2357 τό
757 2300 821 2360 ἐπος
836 2297 901 2373 πρὶν
918 2295 935 2372 ἢ
984 2333 987 2339 ,

134 2386 272 2460 συμμίξαι
285 2387 378 2462 σφέας
390 2391 466 2446 τοῖσι
481 2386 616 2462 Μήδοισι,
630 2385 789 2462 πυθόμενον
806 2385 876 2462 πρός
889 2410 936 2444 τευ

132 2475 189 2531 τῶν
208 2476 361 2553 Τρηχινίων
381 2475 416 2538 οἷς
436 2475 519 2534 ἐπεάν
540 2478 567 2533 οἱ
589 2473 736 2552 βάρβαροι
763 2474 881 2534 άπιέωσι
900 2473 936 2533 τά

133 2559 297 2637 τοξεύματα,
314 2563 364 2623 τόν
378 2563 460 2639 ἥλιον
477 2562 532 2622 ύπό
549 2567 600 2622 τοῦ
618 2563 741 2638 πλήθεος
759 2567 812 2623 τῶν
831 2562 933 2622 ὀϊστῶν

134 2646 354 2726 ἀποκρύπτουσι·
374 2649 495 2710 τοσοῦτό
510 2677 538 2710 τι
554 2652 664 2726 πλῆθος
680 2651 769 2712 αὐτῶν
787 2651 864 2711 εἶναι·
885 2650 936 2710 τάν

134 2735 165 2794 δέ
178 2735 228 2796 οὐκ
241 2739 416 2819 ἐκπλαγέντα
427 2737 561 2808 τούτοισι,
576 2742 668 2812 εἰπεῖν,
686 2743 715 2799 ἐν
728 2739 830 2820 α’λογίῃ
843 2739 935 2798 ποιεύ-

134 2850 218 2901 μενον
234 2827 267 2885 τδ
286 2830 342 2886 τῶν
356 2826 462 2903 Μήδων
481 2827 600 2901 πλῆθος,
616 2826 651 2888 ὦς
666 2826 757 2887 πάντα
771 2835 827 2902 σφι
841 2826 934 2907 α’γαθά

133 2911 150 2970 ὁ
167 2915 313 2992 Τρηχίνιος
330 2915 417 2985 ξεῖνος
434 2913 579 2996 ἀγγέλλοι,
597 2919 620 2972 εἰ
636 2914 868 2992 ἀποκρυπτόντων
881 2917 935 2972 τῶν

134 2999 239 3075 Μήδων
258 3001 307 3062 τόν
327 3003 409 3080 ἥλων
428 3001 483 3063 ύπό
504 3005 572 3080 σκιή
593 3003 686 3061 ἔσοιτο
706 3001 776 3078 πρός
797 2999 934 3074 αὖτουςή

133 3087 219 3167 μάχη,
236 3090 282 3148 καὶ
296 3090 345 3150 ούκ
359 3097 388 3151 ἐν
401 3091 481 3169 ήλίιρ.
523 3094 611 3149 ταῦτα
623 3093 675 3166 μὲν
691 3090 737 3148 καὶ
750 3090 828 3148 ἄλλα
845 3105 939 3147 τοιου··

132 3175 257 3253 τότροπα
279 3178 345 3236 ἐτεά
372 3187 446 3254 φασι
475 3180 611 3254 Διηνέκεα
640 3178 690 3238 τόν
717 3173 935 3250 Λακεδαιμόνιον

132 3265 269 3323 λιπέσθαι
282 3267 457 3340 μνημόσυα.
500 3266 581 3324 Μετὰ
595 3267 624 3324 δέ
636 3270 736 3324 τοῦτον
749 3263 914 3335 ἀριστεῦσαι
923 3261 982 3325 227

133 3351 265 3478 λήγοντρρ
289 3353 502 3427 Λακεδαιμόνιοι
529 3353 578 3411 δύο
599 3352 741 3428 ἀδελφεοὶ,
761 3348 883 3425 Ἀλφεός
904 3375 935 3409 τε
