2276 3538
189 152 235 199 142
501 147 683 197 ἨΡΟΔΟΤΟΤ
911 146 985 209 [VII.

186 226 329 304 πόνθαμεν
342 225 511 302 οἰκτρότερα·
525 231 555 285 ἐν
566 225 621 306 γὰρ
632 224 702 284 οὕτω
712 222 819 304 βραχόῖ
831 225 886 304 βίῳ
900 225 989 294 οὐδεὶς

187 314 259 374 οὕτω
278 314 422 391 ἅνθρωπος
444 315 495 373 ε’(όν
516 313 651 390 εὐδαίμων
668 314 784 388 πέφυκε,
801 312 864 372 οὔτε
884 313 988 376 τούτων

187 401 249 461 οὔτε
270 407 325 462 τῶν
345 401 447 471 ἄλλων,
461 407 499 480 τῷ
513 402 545 460 οὐ
559 401 772 477 παραστήσεται
788 400 928 464 πολλάκις
942 405 987 462 καὶ

186 490 247 550 οὐκὶ
268 489 344 560 ἅπαξ
363 489 490 550 τεθνάναι
511 489 671 566 βούλεσθαι
689 493 801 564 μᾶλλον
820 487 838 563 ἢ
855 488 937 559 ζόειν·
958 485 991 543 αἶ

185 605 216 638 τε
230 579 285 660 γάρ
302 580 449 655 συμφοραὶ
462 579 694 655 προσπίπτουσαι
708 578 754 636 καὶ
767 581 796 635 αἱ
810 581 908 636 νοῦσοι
922 604 986 638 συν·

186 667 384 744 ταράσσουσαι
398 668 443 724 καὶ
455 665 568 744 βραχύν
582 665 661 725 ἐόντα
674 664 782 741 μακρόν
796 664 900 724 δοκέειν
917 665 987 727 εἶναι

186 760 296 814 ποιεῦσι
315 756 365 814 τόν
384 757 459 830 βίον·
488 753 558 812 οὕτω
580 753 596 813 ό
617 757 669 830 μὲν
690 752 815 824 θάνατος,
840 754 988 832 μοχθηρῆς

185 843 285 918 ἐούσης
298 847 348 917 ιῆς
361 842 431 917 ζόης,
447 842 596 923 καταφυγὴ
617 842 786 919 αἱρετωτάτη
799 845 837 919 τῷ
851 841 997 933 οἰνθροίπῳ1

184 931 291 1011 γε’γονε·
313 930 372 989 όδέ
386 930 448 993 θεός
460 929 567 1011 γλυκῧν
582 930 686 1011 γεόσας
705 930 755 989 τόν
776 934 868 998 αἰῶνα,
884 931 986 1003 φθονε-

137 1019 232 1095 47ρός
254 1024 283 1078 ἐν
305 1017 378 1098 αὐτῷ
401 1018 556 1096 εόρίσκεται
577 1017 653 1077 ἐοίν.”
694 1019 800 1095 Ξέρξης
821 1018 850 1076 δὲ
872 1015 986 1093 άμείβε·

183 1133 216 1166 το
237 1108 336 1188 λέγων·
358 1107 548 1184 ’(Ἀρτάβανε,
563 1109 664 1183 βιοτῆς
677 1108 729 1182 μέν
747 1133 794 1165 νυν
811 1106 986 1184 ἀνθρωπηίης

184 1195 256 1272 πέρι,
266 1194 366 1271 ἐούσης
378 1195 507 1270 τοιαύτης
521 1196 634 1272 οἶηνπερ
649 1195 686 1254 σύ
700 1194 816 1270 διαιρέαι
830 1195 906 1264 εἶναι,
916 1222 985 1256 παυ-

184 1283 306 1359 σώμεθα,
328 1285 399 1361 μηδὲ
423 1288 512 1342 κακῶν
535 1283 717 1359 μεμνειόμεθα
740 1282 853 1361 χρηστά
877 1284 986 1360 ἔχοντες

182 1372 334 1452 πρήγματα
356 1378 384 1431 ἐν
402 1373 494 1450 χερσί·
517 1371 630 1448 φράσον
649 1372 680 1429 δέ
696 1397 745 1446 μοι
765 1369 838 1429 τόδε·
861 1371 886 1428 εἴ
902 1397 946 1430 τοι
967 1372 985 1447 ἡ

183 1459 247 1537 ὄψις
263 1465 313 1518 τοῦ
330 1462 456 1519 ἐνυπνίου
476 1458 517 1534 μή
532 1459 649 1538 ἐναργὴς
662 1457 732 1517 οὕτω
746 1457 844 1534 ἐφάνη,
859 1458 931 1536 εἶχες
951 1457 985 1518 ἂν

182 1546 234 1621 τὴν
255 1546 374 1625 ἀρχαίην
391 1546 503 1627 γνώμην
520 1546 569 1604 οὐκ
592 1550 642 1605 ἐῶν
661 1572 697 1621 με
715 1544 920 1622 στρατεύεσθαι
939 1548 984 1606 ἐπὶ

182 1634 234 1708 την
246 1634 380 1704 Ἑλλάδα,
395 1634 413 1709 ἢ
426 1635 562 1710 μετέστης
576 1632 627 1701 άν;
650 1634 719 1710 φέρε
739 1659 788 1710 μοι
806 1637 889 1692 τοῦτο
905 1631 983 1710 α’τρε-

183 1722 249 1784 κε’ως
264 1721 347 1779 είπέ·”
368 1722 384 1781 ό
399 1723 428 1781 δὲ
442 1721 577 1798 ἀμείβετο
591 1723 690 1803 λέγων·
712 1734 729 1758 “
739 1721 760 1780 ὦ
772 1724 905 1797 βασιλεῦ,
920 1721 984 1800 ὄψις

182 1811 233 1884 μὲν
246 1807 264 1884 ἡ
279 1813 447 1885 ἐπιφανεῖσα
466 1815 516 1869 τοῦ
535 1810 642 1886 ὀνείρου
662 1810 698 1873 ὥς
710 1809 876 1885 βουλόμεθα
889 1809 983 1886 α’μφό-

182 1922 257 1971 τεροι
278 1898 462 1972 τελευτήσειε·
484 1897 538 1979 ἐγῶ
558 1897 581 1957 δ’
596 1900 635 1958 ἔτι
657 1899 703 1956 καὶ
724 1903 751 1960 ἐς
771 1897 834 1956 τόδε
856 1898 983 1973 δείματός

183 1988 238 2060 εἰμι
255 1984 404 2054 ὑπόπλεος,
419 1986 473 2045 οὐδ’
488 1989 563 2051 ἐντός
576 1991 722 2064 ἐμεωυτοῦ,
736 1985 813 2044 ἄλλα
833 2012 864 2044 τε
884 1987 982 2046 πολλά

183 2073 380 2155 ἐπιλεγόμενος
400 2077 445 2132 καὶ
467 2077 500 2150 δὴ
522 2078 567 2134 καὶ
588 2076 673 2152 ὁρέων
691 2101 734 2134 τοι
749 2073 797 2133 δύο
810 2074 846 2133 τό
860 2075 982 2154 μέγιστα

134 2163 172 2220 48
182 2161 291 2222 πάντων
304 2161 385 2223 ε’όντα
398 2163 619 2240 πολεμιώτατα.”
649 2164 755 2240 Ξέρξης
768 2163 797 2220 δὲ
811 2161 880 2237 πρός
893 2167 982 2222 ταῦτα

182 2249 316 2327 ἀμείβετο
335 2252 439 2311 τοῖσδε·
461 2263 479 2288 “
488 2251 611 2328 δαιμόνιε
624 2251 737 2326 ἀνδρῶν,
753 2254 816 2308 κοῖα
829 2253 916 2309 ταῦτα
935 2252 981 2309 λε’-

180 2364 238 2418 γεις
253 2339 321 2398 εἶναι
334 2340 382 2398 δύο
396 2365 445 2414 μοι
465 2338 678 2415 πολεμιώτατα;
701 2337 800 2416 κότερά
813 2365 857 2398 τοι
871 2337 886 2398 ό
900 2338 982 2408 πεζός

181 2426 307 2501 μεμπτός
329 2426 399 2484 κατὰ
420 2425 453 2484 τό
472 2426 581 2504 πλῆθός
602 2431 671 2496 ἐστι,
694 2427 739 2484 καὶ
760 2425 793 2486 τό
813 2426 981 2501 Ἑλληνικόν

182 2512 342 2587 στράτευμα
353 2513 481 2586 φαίνεται
490 2513 712 2588 πολλαπλήσιον
723 2514 839 2574 ἔσεσθαι
852 2517 902 2572 τοῦ
915 2513 981 2590 ἠμε-

180 2599 278 2674 τέρου;
299 2597 318 2674 ἢ
340 2599 373 2658 τό
396 2599 524 2658 ναυτικόν
544 2600 576 2658 τό
600 2601 735 2677 η’μέτερον
758 2601 909 2677 λείψεσθαι
931 2607 981 2660 τοῦ

181 2687 305 2756 ἐκείνων;
326 2684 344 2762 ἢ
359 2688 404 2744 καὶ
417 2689 617 2764 συναμφότερα
630 2693 736 2756 ταῦτα,
759 2693 783 2746 εί
791 2687 846 2767 γάρ
859 2712 904 2753 τοι
917 2688 981 2746 ταύ-

181 2801 216 2854 τῃ
230 2775 390 2852 ἐνδεέστερα
406 2777 533 2850 φαίνεται
555 2777 623 2835 εἶναι
637 2776 671 2835 τά
685 2775 806 2852 ἡμέτερα
819 2773 980 2856 πρήγματα,

181 2869 304 2940 στρατοῦ
324 2863 357 2923 ἂν
378 2863 468 2923 ἄλλου
488 2891 530 2928 τις
549 2864 600 2939 τὴν
623 2864 762 2943 ταχίστην
783 2862 899 2945 άγερσιν
920 2890 981 2924 ποι-

137 2950 267 3014 49οἳτο.”
308 2952 342 3011 ‘0
366 2952 387 3012 δ’
410 2952 543 3028 ἀμείβετο
566 2953 665 3033 λέγων·
690 2952 738 3012 “οἰ
759 2955 892 3030 βασιλεῦ,
918 2951 981 3012 οὔτε

181 3040 305 3118 στρατόν
323 3046 422 3101 τοῦτον
443 3039 521 3102 ὅστις
533 3065 567 3118 γε
584 3041 699 3100 σύνεσιν
713 3043 770 3120 ἔχει
790 3039 923 3117 μέμφοιτ’
939 3037 980 3107 όν,

182 3128 245 3188 οὔτε
260 3134 315 3189 τῶν
333 3133 400 3188 νεῶν
415 3127 448 3186 τό
465 3129 584 3202 πλῆθος·
606 3126 641 3203 ἦν
653 3156 683 3188 τε
696 3134 817 3192 πλεῦνας
831 3126 979 3201 συλλέξῃς,

181 3217 217 3274 τὰ
230 3216 278 3276 δύο
291 3241 334 3276 τοι
347 3215 383 3276 τά
397 3216 471 3296 λέγω
484 3219 584 3295 πολλῷ
599 3218 639 3276 ἔτι
652 3217 845 3293 πολεμιώτερα
864 3214 979 3293 γίνεται·

181 3302 218 3361 τά
230 3305 260 3362 δὲ
273 3303 322 3363 δύο
335 3308 425 3364 ταῦτα
441 3305 501 3362 ἔστι
520 3309 559 3384 γῆ
577 3331 608 3364 τε
622 3307 668 3363 καὶ
682 3304 827 3365 θάλασσα·
850 3297 980 3378 οὔτεγὰρ
