2278 3538
146 169 256 232 οο-υι]
468 164 622 219 οτνιυῐι.
640 162 644 176 ’
899 171 947 218 255

145 251 271 328 πορθμῷ,
293 248 361 330 ἐργα
381 248 549 318 ἀπεδέξαντο
570 248 659 330 λόγου
679 246 752 319 ἄξια·
774 252 800 309 οἰ
819 251 871 326 μὲν
890 249 946 332 γάρ

145 337 290 414 Ἀθηναῖοι
309 342 338 397 ἐν
355 343 393 417 τῷ
415 337 527 416 θορύβῳ
547 337 685 414 ἐκεράῖζον
701 336 751 400 τάς
768 363 799 396 τε
817 337 947 398 οἰντιστα-

146 427 231 502 μένας
245 425 291 484 καί
308 425 358 488 τὰς
374 425 535 505 φευγούσας
550 429 605 484 τῶν
623 429 702 501 νηῶν,
718 428 745 484 οἰ
759 425 788 484 δέ
802 430 948 506 Αἰγινῆται

146 514 196 577 τιίς
224 514 415 577 ἐκπλωοίσας·
456 513 525 578 ὅκως
548 514 579 573 δέ
600 539 671 576 τινες
693 513 758 576 τοῦς
784 513 947 589 Ἀθηναίους

147 601 317 684 διαφύγοιεν,
333 601 482 680 φερόμενοι
501 604 653 662 ἐσέπιπτον
666 607 693 665 ἐς
708 601 774 665 τοῦς
788 600 946 683 Αἰγινήτας.

146 687 286 750 Ἐνθαῦτα
306 689 471 767 συνεκύρεον
491 695 554 767 νῆες
573 689 592 766 ἦ
611 715 643 750 τε
661 691 868 766 Θεμιστοκλέος
888 689 994 749 διύ92

140 803 238 860 Ικουσα
264 781 318 854 νῆα
342 779 387 836 καὶ
410 779 429 854 ή
454 781 631 856 Πολυκρίτου
653 784 702 838 τοῦ
725 783 823 856 Κριοῦ,
848 777 947 854 α’νδρὸς

148 865 309 946 Αἰγινήτεω,
330 867 375 942 νηί
396 869 566 943 ἐμβαλοῦσα
589 867 705 947 Σιδωνίῃ
725 867 797 945 ἥπερ
818 867 876 926 εἶλε
895 866 948 942 τήν

148 954 415 1030 προφυλάσσουσαν
442 956 487 1013 ἐπὶ
515 954 631 1034 Σκιάθῳ,
653 957 704 1031 τήν
731 957 883 1036 Αἰγιναίην,
906 953 947 1014 ἐπ’

148 1040 182 1118 ἧς
196 1045 277 1102 ἔπλεε
291 1045 402 1120 Πυθέης
415 1043 431 1102 ῦ
444 1043 580 1122 Ἰσχένου,
593 1044 643 1103 τὸν
661 1047 687 1102 οἶ
707 1045 818 1120 Πέρσαι
832 1070 947 1103 κατακο-

148 1133 235 1190 πέντα
249 1132 347 1209 α’ρετῆς
361 1133 450 1190 εἵνεκα
466 1131 542 1210 εἰχον
558 1137 587 1191 ἐν
601 1136 637 1210 τῇ
656 1133 700 1207 νηί
719 1131 947 1212 ἐκπαγλεόμενοι·

147 1219 197 1279 τῦν
210 1219 244 1295 δή
260 1221 435 1302 περιάγουσα
452 1247 512 1297 αμα
529 1223 605 1279 τοῖσι
620 1219 752 1298 Πέρσησι
769 1219 829 1295 ἥλω
848 1217 948 1295 νηῦςῆ

149 1308 274 1384 Σιδωνίη,
303 1309 375 1368 ὥστε
397 1310 509 1384 Πυθέην
531 1308 601 1367 οὕτω
622 1309 748 1383 σωθῆναι
770 1313 797 1370 ἐς
820 1307 946 1387 Αἴγιναν·

150 1394 185 1458 υἰς
206 1397 235 1455 δέ
257 1397 346 1456 ἐσεῖδε
361 1397 414 1473 τήν
429 1401 482 1472 νῆα
502 1395 554 1471 τήν
576 1395 705 1472 Ἀττικὴν
727 1395 743 1455 ὁ
763 1394 945 1471 Πολύκριτος,

150 1484 217 1564 ἐγνω
236 1485 269 1544 τῦ
288 1485 412 1561 σημήϊον
430 1484 493 1544 ἰδιῦν
510 1488 561 1560 τῆς
577 1484 831 1565 στρατηγίδος,καί
848 1483 948 1560 βώσας

149 1571 197 1631 τιίν
215 1574 410 1649 Θεμιστοκλέα
431 1572 644 1649 ἐπεκερτόμησε,
667 1577 694 1634 ἐς
708 1575 763 1631 τῶν
781 1572 947 1653 Αἰγινητέων

149 1659 199 1720 τδν
211 1661 354 1738 μηδισμιίν
366 1661 511 1732 ὀνειδίζων·
528 1665 615 1720 ταῦτα
628 1661 680 1737 μέν
693 1686 741 1719 νυν
753 1660 799 1736 νηί
812 1660 946 1736 ἐμβαλοίν

150 1747 166 1806 ὁ
180 1750 354 1826 Πολύκριτος
366 1748 502 1827 αἶπέρριψε
520 1753 546 1811 ἐς
560 1750 763 1826 Θεμιστοκλέα·
786 1752 813 1807 οἱ
830 1748 860 1806 δέ
872 1749 945 1826 βάρ-

149 1837 244 1914 βαροι,
255 1842 309 1897 τῶν
323 1841 351 1896 αἰ
364 1842 426 1912 νῆες
440 1838 638 1918 περιεγένοντο,
651 1838 800 1918 φεύγοντες
814 1835 947 1896 α’πίκοντο

150 1928 178 1987 ἐς
190 1925 322 2001 Φάληρον
334 1925 389 1984 ῦπό
402 1925 451 1984 τῦν
464 1925 548 1995 πεζιίν
562 1925 693 2002 στρατόν.

189 2011 238 2073 Ἐν
265 2015 294 2072 δὲ
321 2018 356 2092 τῇ
381 2014 520 2092 ναυμαχίῃ
546 2013 632 2090 ταύτῃ
655 2012 780 2088 ἤκουσαν
803 2011 995 2088 Ἑλλήνων93

150 2099 252 2177 άριστα
275 2105 431 2183 Αἰγινῆται·
473 2103 518 2160 ἐπὶ
541 2102 579 2169 δέ,
599 2100 751 2176 Ἀθηναῖον
793 2099 898 2176 ἀνδρῶν
919 2100 949 2158 δέ

151 2189 326 2267 Πολύκριτός
342 2215 373 2249 τε
388 2189 404 2250 ὁ
422 2188 579 2270 Αἰγινήτης,
600 2190 645 2246 καὶ
663 2187 805 2264 Ἀθηναῖοι
822 2187 949 2265 Εὐμένης

149 2302 181 2336 τε
194 2276 210 2336 ὁ
222 2276 426 2359 Ἀναγυράσιος
442 2278 488 2335 καὶ
500 2277 640 2353 Ἀμεινίης
657 2276 832 2352 Παλληνεύς·
854 2276 885 2338 δς
902 2278 948 2335 καί

149 2364 329 2442 Ἀρτεμισίην
359 2365 492 2434 ἐπεδίωξε.
536 2368 560 2423 εἰ
585 2365 636 2440 μέν
663 2390 710 2424 νυν
740 2365 824 2440 ἔμαθε
851 2363 893 2424 ὅτι
920 2370 949 2424 ἐν

149 2453 236 2533 ταύτῃ
256 2455 340 2513 πλέοι
358 2454 378 2529 ἦ
399 2453 571 2531 Ἀρτεμισίη,
596 2451 645 2512 οῦκ
665 2452 699 2512 ἂν
720 2453 862 2512 ἐπαύσατο
882 2453 949 2530 πρό-

150 2541 261 2618 τερονῆ
275 2543 335 2601 εἰλέ
345 2569 394 2619 μιν
409 2540 427 2617 ἢ
446 2544 492 2600 καί
510 2541 592 2605 αῦτδς
609 2541 678 2617 ἥλω·
699 2546 776 2601 τοῖσι
792 2542 847 2622 γάρ
865 2540 948 2618 Ἀθη-

151 2630 232 2691 ναίων
251 2631 447 2710 τριηράρχοισι
467 2631 720 2707 παρακεκέλευστο·
754 2630 824 2708 πρός
844 2630 881 2699 δέ,
903 2631 949 2690 καί

151 2715 253 2778 ἄεθλον
270 2721 356 2778 ἔκειτο
371 2719 467 2796 μύριαι
483 2719 614 2798 δραχμαὶ,
629 2717 659 2780 ῦς
678 2717 713 2777 ἅν
730 2743 779 2795 μιν
795 2719 866 2793 ζωήν
886 2719 947 2797 ἕλη·

151 2805 240 2866 δεινὸν
262 2808 316 2886 γάρ
343 2833 370 2868 τι
391 2810 540 2876 ἐποιεῦντο,
560 2810 677 2887 γυναῖκα
698 2807 744 2865 ἐπί
762 2806 811 2868 τάς
829 2806 949 2880 Ἀθήνας

151 2896 361 2969 στρατεύεσθαι.
403 2894 473 2970 αῦτη
491 2897 543 2971 μέν
565 2893 608 2969 δή,
628 2894 663 2957 (ῦς
681 2894 817 2971 πρότερον
835 2894 948 2970 εἴρηται,

151 2981 274 3064 διέφυγε·
295 2982 369 3060 ἦσαν
382 2984 412 3043 δέ
426 2984 472 3041 καί
486 2985 512 3041 οἰ
530 2980 616 3041 ἄλλοι
634 2987 688 3042 τῶν
707 2985 736 3040 αἰ
749 2986 812 3056 νῆες
827 3005 948 3060 περιεγε·

150 3071 271 3151 γάνεσαν
285 3078 313 3132 ἐν
326 3077 364 3152 τῷ
376 3071 506 3150 Φαλήρῳ.
547 3071 727 3148 Ἀδείμαντον
741 3071 770 3129 δὲ
786 3069 834 3128 τὸν
849 3069 948 3144 Κορίν-
957 3071 996 3130 94

152 3161 212 3220 θιον
245 3160 404 3240 στρατηγόν
438 3161 555 3240 λέγουσι
582 3159 734 3235 Ἀθηναῖοι,
761 3156 858 3214 αὐτίκα
890 3155 948 3215 κατ’

151 3248 240 3328 ἀρχάς
265 3248 301 3311 ὦς
327 3249 498 3328 συνέμισγον
518 3251 547 3306 αἱ
566 3252 637 3323 νῆες,
658 3245 832 3326 ἐκπλαγέντα
851 3270 882 3303 τε
903 3245 948 3303 καί

151 3336 361 3412 ὑπερδείσαντα,
374 3334 411 3395 τιί
438 3335 514 3394 ἱστία
540 3334 703 3412 ἀειράμενον
726 3332 856 3412 οἴχεσθαι
882 3331 948 3408 φεύ·
