2278 3538
170 136 309 203 115-118]
489 138 667 188 OTPANIA.
919 135 967 194 2⁶11

168 218 280 283 λεύς
242 245 295 300 γης
304 244 335 280 τε
347 221 399 295 τῆς
412 223 621 296 Κρηστωνικῆς,
632 217 754 296 Θρήῖξᾘ
740 233 821 298 εργον
829 218 967 294 ύπερφιιές

169 305 319 387 ἐργάσατο·
347 306 378 371 ὃς
395 305 457 367 οὔτε
473 305 555 370 αὐτός
574 307 630 382 ἔφη
644 333 682 384 τῳ
669 306 823 385 Ξέρξη
811 303 879 364 εκαλν
899 303 968 372 εἶναι

169 394 338 466 δουλεύσειν,
353 393 458 454 ἀλλ”
430 421 523 473 οιχετο
534 393 589 454 ἄνω
601 400 627 458 ές
637 393 670 454 τό
681 391 761 470 ουρος
770 391 822 469 την
831 392 969 502 Ροδόπην

168 484 247 542 τοῖσί
262 508 293 544 τε
310 484 394 542 παισὶ
411 482 567 564 ἀπηγόρευε
582 509 623 559 μη
614 480 873 567 στρατεύεσθαι’
860 480 906 540 επὶ
917 505 969 556 την

167 569 304 632 Ελλιίδα·
334 598 361 631 οι
350 571 412 630 ’δὲ
433 568 673 679 σ’λοχήσαντες,
655 597 674 646 η
695 561 789 634 ἄλλως
808 574 864 644 σφι
883 568 970 677 θυμός

169 659 278 740 ἐγένετο
297 658 508 735 θεήσασθαι
475 685 525 718 τον
543 657 706 735 πόλεμον,’
693 655 893 734 εστρατεύοντο
910 654 970 733 ἅμα

168 750 207 826 τῷ
223 747 333 825 Πέρση·
362 747 421 806 ε’πεὶ
441 746 471 805 δὲ
489 746 672 825 ἀνεχώρησαν
686 745 796 808 α’σινέες
813 743 972 814 πόντες,,ἓξ
1003 757 1007 770 ’

170 833 267 907 ε’όντες,
288 835 403 912 ε’ξιύρυξε
421 833 511 895 αύτῶν
524 835 540 894 ό
554 834 647 911 πατὴρ
665 833 730 897 τούς
746 833 913 910 ὀφθαλμούς
926 831 972 892 διδ

169 921 221 1000 την
239 924 330 1000 αἰτίην
347 923 459 998 ταύτην·
481 924 527 982 καὶ
540 920 617 982 οὗτοι
628 926 681 1000 μὲν
693 927 792 983 τοῦτον
804 920 853 981 τόν
866 920 972 998 μισθόν

170 1011 285 1088 ἔλαβον.
327 1014 363 1069 Οἱ
376 1010 406 1070 δὲ
420 1012 532 1087 Πέρσαι
546 1010 581 1074 ὦς
594 1017 624 1070 ἔκ
640 1014 690 1086 τῆς
702 1010 824 1087 Θρηίκης
836 1009 950 1086 πορευό-
961 1008 1017 1074 ll?

170 1123 249 1174 μενοι
262 1097 393 1158 ἀπίκοντο
412 1100 458 1157 ε’πὶ
475 1099 525 1160 τόν
540 1097 636 1174 πόρον,
651 1097 823 1178 ἐπειγόμενοι
840 1097 889 1157 τόν
906 1096 970 1157 Ἑλ·
998 1173 1000 1176 Ι

170 1185 334 1262 λήσποντον
356 1190 425 1266 τῇσι
443 1187 526 1263 νηυσὶ
549 1186 688 1262 διέβησαν
709 1191 736 1248 ἒς
754 1184 892 1261 Ἄβυδον·
922 1184 973 1248 ruis

169 1274 225 1356 γαρ
252 1273 368 1354 σχεδίας
389 1274 439 1334 ούκ
460 1272 540 1351 εὗρον
560 1276 601 1334 ἔτι
621 1274 807 1350 ἐντεταμένας,
829 1271 896 1332 ἀλλ’
915 1271 972 1336 ύπδ

170 1367 305 1442 χειμῶνος
331 1363 540 1440 διαλελυμένας.
583 1362 701 1422 ἐνθαῦτα
728 1362 757 1420 δὲ
782 1360 970 1439 κατεχόμενοι,

170 1451 249 1510 σίτια
269 1477 299 1512 τε
321 1451 398 1510 πλέω
419 1449 437 1527 ἦ
461 1451 519 1510 κατ’
541 1449 606 1512 ὁδόν
633 1449 798 1530 ἐλάγχανον,
822 1448 919 1510 ούδένα
941 1475 972 1509 τε

172 1537 280 1616 κόσμον
314 1539 521 1616 ἐμπιπλάμενοι
548 1539 595 1598 καὶ
620 1537 707 1597 ὕδατα
733 1537 971 1614 μεταβάλλοντες,

171 1626 349 1704 α’πέθνησκον
367 1633 417 1688 τοῦ
436 1631 559 1705 στρατοῦ
577 1631 627 1688 τοῦ
640 1626 797 1705 περιεόντος
810 1627 925 1688 πολλοί·
946 1629 973 1688 οἱ

171 1713 202 1772 δὲ
215 1715 312 1775 λοιποὶ
325 1714 383 1793 ἅμα
397 1717 487 1795 Ξέρξη
501 1716 677 1776 ἀπικνέονται
687 1721 714 1780 ές
729 1714 838 1793 Σάρδις.

207 1802 293 1864 Ἐστι
315 1804 344 1864 δὲ
366 1805 411 1862 καὶ
432 1803 520 1868 ἄλλος
546 1804 592 1864 ὅδε
618 1803 704 1885 λόγος
730 1805 889 1886 λεγόμενος,
918 1801 1020 1866 οἷς118

172 1891 267 1968 ἐπειδη
286 1892 391 2004 Ξέρξης
412 1891 574 1951 ἀπελαύνων
595 1893 625 1962 ἐξ
643 1891 782 1966 Ἀθηνέων
800 1889 973 1951 ἅπίκετοέ’π’

171 1978 272 2040 Ἠϊόνα
295 1979 346 2055 τὴν
373 1980 418 2038 ἐπὶ
440 1979 586 2054 Στρυμόνι,
609 1978 785 2038 ἐνθεῦτεν’
754 1980 844 2038 ουκέτι
863 1978 973 2038 ὁδοιπο-

171 2069 252 2152 ρίῃσι
273 2068 419 2144 διεχρέετο,
444 2066 521 2124 ἀλλα
541 2065 593 2138 τήν
613 2068 664 2140 μὲν
691 2090 825 2140 στρατιην
847 2064 975 2141 Υδόρνεῖ

173 2156 314 2232 ἐπιτρέπει
338 2177 457 2232 απαγειν
481 2158 507 2214 ές
530 2152 579 2211 τόν
602 2151 835 2309 Ελλησποντον,
847 2151 930 2216 αύτὸς
951 2151 975 2212 δ’

174 2241 221 2300 ἐπὶ
234 2241 298 2316 νηός
311 2242 464 2315 Φοινίσσης
479 2239 615 2315 ἐπιβᾶς’
603 2239 699 2315 εκομίζ
699 2264 744 2298 ετο
759 2243 786 2301 ές
800 2265 852 2314 την
864 2238 974 2315 Ασίην·

173 2328 306 2388 πλώοντα
319 2329 350 2388 δέ
361 2355 410 2406 μιν
421 2327 522 2405 ἅνεμον
534 2327 706 2404 Στρυμονίην
715 2325 924 2402 ύπολαβεῖν’
886 2351 976 2408 μεγαν

176 2419 222 2476 καὶ
238 2418 381 2494 κυματίην·
409 2443 455 2474 και
444 2416 512 2492 δη,
531 2416 697 2493 μᾶλλον
659 2442 714 2496 γαρ
730 2442 757 2475 τι
773 2416 975 2494 χειμαίνεσθαι,

178 2504 318 2616 γεμούσης
339 2509 390 2581 τῆς
413 2505 486 2581 νηός,
508 2504 580 2564 ὥστε
603 2505 649 2562 ε’τὶ
669 2509 719 2563 τοῦ
742 2503 977 2582 καταστρώματος

177 2593 312 2656 ε’πεόντων
332 2598 443 2673 συχνῶν
457 2594 597 2671 Περσέων
616 2619 671 2652 των
691 2592 745 2652 σύν
758 2593 849 2670 Ξέρξη
868 2594 976 2670 κομιζο·
1011 2605 1014 2612 ’

176 2683 272 2760 μένων,
301 2684 420 2744 ε’νθαῦτα
450 2687 476 2745 ές
508 2683 590 2758 δεῖμα
615 2680 739 2742 πεσόντα
765 2680 814 2740 τόν
840 2682 976 2757 βασιλέα,

178 2770 303 2847 εἴρεσθαι
318 2771 454 2848 βώσαντα
472 2770 521 2830 τόν
542 2769 721 2846 κυβερνήτεα,
739 2769 822 2834 εἴτις
840 2770 905 2830 ε’στί
921 2775 978 2845 σφι

176 2861 309 2936 σωτηρίη,
325 2860 370 2918 καὶ
388 2859 438 2918 τόν
454 2858 538 2917 εἶπαι·
560 2869 576 2893 “
588 2857 720 2927 δέσποτα,
740 2856 790 2917 οὐκ
809 2859 884 2917 ἔστιν
902 2856 976 2916 ούδε·

178 2948 237 3024 μία,
250 2945 285 3023 ἦν
297 2948 337 3024 μὴ
347 2947 451 3008 τούτων
461 2945 616 3027 ἀπαλλαγή
626 2971 667 3008 τις
677 2946 790 3026 γένηται
799 2947 853 3004 τῶν
861 2947 978 3004 πολλῶν

179 3035 359 3110 έπιβατέων·”
390 3035 436 3094 καὶ
456 3034 560 3112 Ξέρξεα
580 3034 693 3114 λέγεται
712 3031 871 3092 ἀκούσαντα
890 3035 978 3093 ταῦτα

180 3121 263 3180 εἶπαι·
295 3123 416 3200 “ἅνδρες
438 3124 555 3199 Πέρσαι,
578 3126 627 3181 νῦν
653 3147 695 3183 τις
722 3117 869 3188 διαδεξάτω
889 3117 979 3192 ύμέων

179 3213 318 3283 βασιλέος
334 3211 492 3288 κηδόμενος·
514 3215 543 3270 έν
558 3210 623 3288 ύμῖν
643 3208 698 3290 γιίρ
720 3206 777 3268 οἶκε
796 3203 865 3266 εἶναι
884 3204 979 3283 ε’μοὶῆ

179 3298 329 3378 σωτηρίη·”
349 3299 399 3362 τόν
410 3302 462 3378 μὲν
475 3303 563 3360 ταῦτα
577 3298 680 3378 λέγειν·
701 3293 765 3358 τούς
778 3293 808 3354 δὲ
826 3294 978 3372 προσκυνεῖ,
