2278 3538
138 142 276 207 146-148]
450 141 635 192 ΠΟΛΤΜΝῙΛ.
887 142 931 195 179

135 227 165 281 ἐκ
183 227 233 284 τοῦ
251 221 363 282 Πόντου
381 219 525 302 σιταγωγοὶ
544 219 733 280 διεκπλώοντα
747 220 796 280 τόν
808 220 933 298 Ἑλλήσ-

135 335 245 379 ποντον,
261 311 286 372 ἐς
299 335 329 370 τε
343 310 459 390 Αἴγιναν
469 309 515 367 καὶ
525 308 747 384 Πελοπόννησον
757 309 934 386 κομιζόμενα·

136 401 162 458 οἶ
174 400 226 474 μὲν
239 398 273 473 δή
286 397 416 474 πάρεδροι
430 396 523 467 αὐτοῦ,
538 396 573 459 ὦς
587 396 721 456 ἐπύθοντο
731 398 854 472 πολέμια
865 397 934 456 εἶναι

134 485 169 544 τό
189 489 286 554 πλοῖα,
306 489 411 562 ἑτοῖμοι
430 483 505 560 ἦσαν
526 485 626 561 αἱρέειν
646 484 724 555 αὐτὰ,
746 483 935 560 ἐσβλέποντες

136 578 163 637 ἐς
185 574 234 634 τόν
256 575 385 650 βασιλέα
406 572 487 633 ὁκότε
510 574 706 654 παραγγελέει·
734 572 749 632 ὁ
791 575 804 631 ἐ
829 573 935 650 Ξέρξης

136 663 223 740 εἴρετο
244 660 350 732 αὐτοῦς,
370 660 421 738 ὅκη
441 661 567 730 πλέοιεν;
593 665 620 720 οἱ
640 661 670 719 δέ
689 661 778 720 εἶπον·
800 667 855 745 “ἐς
870 662 935 725 τούς

135 749 204 812 σούς
223 750 385 826 πολεμίους,
407 748 427 807 ὦ
447 749 580 818 δέσποτα,
601 753 682 808 σῖτον
702 747 883 829 ἅγοντες·”·ό
905 749 934 808 δὲ

135 837 290 914 ὑπολαβών
317 839 381 912 ἔφη·
409 847 426 872 “
435 836 485 896 οὐκ
506 836 543 896 ὧν
564 838 609 894 καὶ
629 837 709 913 ήμεῖς
730 839 786 896 ἐκεῖ
811 837 934 914 πλέομεν

136 925 253 1003 ἔνθαπερ
271 926 318 984 καὶ
336 923 412 984 οὗτοι
429 925 509 984 τοῖσί
523 951 554 984 τε
568 925 684 983 ἄλλοισι
697 925 874 1001 ἐξηρτυμένοι
889 928 934 984 καὶ

135 1014 204 1092 σίτῳ
215 1039 222 1082 ;
242 1015 273 1073 τί
283 1015 354 1088 δήτα
366 1013 508 1072 ἀδικέουσι
521 1011 597 1071 οὗτοι
609 1013 677 1087 ήμῖν
690 1013 767 1072 σιτία
780 1015 932 1090 παρακομί-

136 1100 255 1170 ζοντες;”
286 1104 312 1160 οἱ
332 1102 384 1178 μέν
404 1127 452 1160 νυν
473 1100 647 1159 κατάσκοποι
675 1100 744 1159 οὕτω
765 1101 936 1178 θεησάμενοί

135 1215 166 1248 τε
180 1190 226 1246 καὶ
239 1188 468 1265 ἀποπεμφθέντες
481 1188 638 1264 ἐνόστησαν
652 1195 678 1251 ἐς
688 1189 739 1264 τήν
752 1188 898 1266 Εὕριόπην.

178 1278 216 1334 Οἱ
231 1275 261 1334 δέ
279 1277 435 1352 συνωμόται
448 1275 594 1352 Ἑλλήνων
607 1277 652 1336 ἐπὶ
668 1281 706 1354 τῷ
723 1278 829 1355 Πέρσῃ,
843 1277 914 1355 μετα
925 1281 983 1337 148

135 1362 188 1440 τήν
208 1361 371 1442 ἀπόπεμψιν
390 1368 444 1424 τῶν
465 1365 656 1434 κατασκόπων,
679 1365 790 1441 δεύτερα
811 1367 935 1441 ἔπεμπον

136 1457 164 1515 ἐς
178 1450 284 1532 Ἀργος
303 1451 449 1532 α’γγέλους.
490 1452 613 1536 Ἀργεῖοι1
633 1454 662 1513 δὲ
682 1457 800 1534 λέγουσι
819 1454 854 1513 τό
875 1455 933 1512 κατ’

136 1539 251 1603 ἐωυτοῦς
270 1541 402 1620 γενέσθαι
424 1539 484 1600 ὧδε·
512 1542 652 1602 πυθέσθαι
675 1541 730 1622 γοῖρ
754 1541 851 1601 αὐτίκα
876 1541 934 1600 κατ’

135 1627 224 1706 ἀρχὰς
238 1627 274 1688 τό
291 1633 320 1687 ἐκ
336 1633 386 1688 τοῦ
400 1628 551 1706 βαρβάρου
568 1629 728 1709 ἐγειρόμενα
745 1631 791 1688 ἐπὶ
806 1629 857 1706 τήν
869 1629 934 1688 Ἑλ·
1010 1688 1012 1692 .

135 1715 217 1788 λόδο,
230 1715 382 1794 πυθόμενοι
399 1717 436 1786 δέ,
451 1717 497 1774 καὶ
513 1717 648 1793 μαθόντες
666 1717 701 1780 ὥς
718 1726 811 1794 σφεας
827 1722 853 1778 οἱ
865 1717 933 1777 Ἕλ-

135 1807 217 1879 ληνες
226 1804 408 1879 πειρήσονται
417 1804 688 1881 παραλαμβάνοντες
696 1807 741 1866 ἐπὶ
751 1807 800 1868 τόν
808 1807 932 1883 Πέρσην,

135 1893 245 1970 πέμψαι
261 1891 433 1968 θεοπρόπους
449 1898 477 1955 ἐς
491 1893 630 1968 Δελφούς,
643 1893 693 1953 τόν
709 1893 774 1954 θεόν
790 1899 934 1972 ἐπειρησο-

135 1981 233 2055 μένους
256 1979 291 2042 ὦς
312 1987 368 2055 σφι
389 1981 490 2057 μέλλει
511 1979 627 2058 ἄριστον
650 1985 762 2040 ποιεῦσι
783 1975 932 2062 γενέσθαι;

135 2069 234 2128 νεωστὶ
243 2068 298 2148 γὰρ
312 2069 409 2143 σφέων
421 2067 550 2127 τεθνάναι
563 2068 768 2147 ἑξακισχιλίους
780 2067 834 2128 ὑπό
846 2076 934 2128 Λακε-

135 2155 281 2233 δαιμονίων
295 2157 341 2214 καὶ
355 2157 530 2232 Κλεομένεος
542 2161 591 2216 τοῦ
604 2155 828 2234 Ἀναξανδρίδεω·
848 2157 935 2216 τῶνδε

135 2243 170 2318 δή
181 2245 270 2303 εἵνεκα
279 2245 408 2321 πέμπειν·
421 2244 473 2320 τήν
483 2244 513 2303 δὲ
524 2245 634 2320 Πυθίην
644 2248 813 2321 ἐπειρωτῶσι
823 2242 935 2304 αὗποῖσι

135 2329 245 2390 ἀνελεῖν
257 2331 332 2390 τάδε·

197 2436 288 2497 Ἐχθρέ
305 2436 555 2498 περικτιόνεσσι-φίλ’
573 2438 714 2486 ἀθανάτοισι
731 2439 813 2497 θεοῖσι,

127 2567 129 2574 Α
202 2511 258 2557 εἴσω
275 2511 316 2557 τὸν
332 2511 477 2571 προβόλαιον
494 2512 557 2571 ἔχων
574 2512 759 2571 πεφυλαγμένος
775 2509 829 2570 ἧσο,

127 2581 130 2632 Ι
202 2583 242 2628 καὶ
259 2583 368 2642 κεφαλὴν
385 2585 519 2644 πεφύλαξο·
543 2582 604 2644 κάρη
620 2584 647 2630 δὲ
663 2583 691 2631 τὸ
708 2584 778 2642 σῶμα
795 2583 893 2632 σαώσει.

135 2687 224 2743 ταῦτα
243 2687 295 2760 μὲν
315 2683 366 2760 τήν
385 2685 495 2760 Πυθίην
513 2689 621 2763 χρῆσαι
640 2683 784 2762 πρότερον·
805 2685 876 2762 μετοὶ
897 2685 934 2756 δέ,

136 2770 173 2834 αἷς
190 2773 281 2832 ἐλθεῖν
296 2773 360 2835 τούς
377 2771 519 2854 ἀγγέλους
532 2777 559 2834 ἐς
577 2771 612 2847 δή
628 2772 661 2832 τό
674 2771 787 2853 Ἄργος,
807 2774 935 2833 ἐπελθεῖν

136 2859 183 2918 ἐπὶ
194 2859 227 2920 τό
240 2858 443 2937 βουλευτήριον
453 2859 499 2919 καὶ
512 2861 605 2940 λέγειν
614 2859 650 2918 τοὶ
661 2861 854 2936 ἐντεταλμένα·
870 2860 935 2923 τούς

136 2946 166 3006 δὲ
184 2948 254 3024 πρὸς
268 2947 303 3006 τοὶ
320 2947 460 3029 λεγόμενα
476 2947 688 3026 ὑποκρίνασθαι,
702 2947 738 3011 ὦς
755 2948 863 3024 ἐποῖμοί
879 2951 934 3006 εἰσι

135 3033 258 3116 Ἀργεῖοι
270 3037 374 3096 ποιέειν
386 3041 482 3108 ταῦτα,
495 3035 644 3114 τριήκοντα
658 3037 719 3096 ἔτεα
733 3035 842 3112 εἰρήνην
855 3059 935 3096 σπει-

136 3123 254 3199 σάμενοι
279 3124 525 3201 Λακεδαιμονίοισι
552 3123 598 3182 καὶ
625 3122 772 3204 ἡγεόμενοι
802 3121 872 3181 κατοὶ
900 3120 934 3181 τό

135 3209 224 3286 ἥμισυ
247 3211 342 3287 πόσης
363 3216 414 3287 τῆς
437 3212 607 3290 συμμαχίης·
636 3212 725 3270 καίτοι
748 3210 819 3269 κατά
842 3235 876 3290 γε
901 3208 934 3268 τό

136 3298 242 3360 δίκαιον
260 3299 391 3380 γίνεσθαι
406 3299 458 3375 τὴν
475 3299 625 3379 ἡγεμονίην
646 3301 759 3366 ἑωυτῶν,
777 3296 844 3357 ἀλλ’
860 3296 934 3374 ὅμως
