<?xml version="1.0" encoding="UTF-8"?>
<!DOCTYPE html PUBLIC "-//W3C//DTD XHTML 1.0 Transitional//EN"
    "http://www.w3.org/TR/xhtml1/DTD/xhtml1-transitional.dtd">
<html xmlns="http://www.w3.org/1999/xhtml" xml:lang="en" lang="en">
 <head>
  <title>
</title>
<meta http-equiv="Content-Type" content="text/html;charset=utf-8" />
  <meta name='ocr-system' content='tesseract 3.04.00' />
  <meta name='ocr-capabilities' content='ocr_page ocr_carea ocr_par ocr_line ocrx_word'/>
</head>
<body>
  <div class='ocr_page' id='page_1' title='image "./herodotusrecens02blakgoog_0291.png"; bbox 0 0 2262 3534; ppageno 0'>
   <div class='ocr_carea' id='block_1_1' title="bbox 106 161 1032 3400">
    <p class='ocr_par' dir='ltr' id='par_1_1' title="bbox 106 161 1032 3400">
     <span class='ocr_line' id='line_1_1' title="bbox 154 161 952 225; baseline 0.001 -15"><span class='ocrx_word' id='word_1_1' title='bbox 154 161 292 225; x_wconf 71' lang='grc' dir='ltr'>τοο-τω]</span> <span class='ocrx_word' id='word_1_2' title='bbox 473 161 626 211; x_wconf 69' lang='lat' dir='ltr'>emm.</span> <span class='ocrx_word' id='word_1_3' title='bbox 905 163 952 213; x_wconf 75' lang='grc' dir='ltr'>πο</span> 
     </span>
     <span class='ocr_line' id='line_1_2' title="bbox 152 239 998 320; baseline 0.009 -24"><span class='ocrx_word' id='word_1_4' title='bbox 152 240 241 314; x_wconf 88' lang='grc' dir='ltr'>κλέος,</span> <span class='ocrx_word' id='word_1_5' title='bbox 270 245 320 300; x_wconf 86' lang='grc' dir='ltr'>τοῦ</span> <span class='ocrx_word' id='word_1_6' title='bbox 343 239 558 317; x_wconf 84' lang='grc' dir='ltr'>Ἀριστοδήμου,</span> <span class='ocrx_word' id='word_1_7' title='bbox 582 243 632 300; x_wconf 88' lang='grc' dir='ltr'>τοῦ</span> <span class='ocrx_word' id='word_1_8' title='bbox 657 240 875 320; x_wconf 79' lang='grc' dir='ltr'>Ἀριστομάχου,</span> <span class='ocrx_word' id='word_1_9' title='bbox 903 244 954 300; x_wconf 88' lang='grc' dir='ltr'>τοῦ</span> <span class='ocrx_word' id='word_1_10' title='bbox 995 299 998 304; x_wconf 90' lang='grc'>.</span> 
     </span>
     <span class='ocr_line' id='line_1_3' title="bbox 154 327 953 405; baseline 0.005 -17"><span class='ocrx_word' id='word_1_11' title='bbox 154 329 319 398; x_wconf 83' lang='grc' dir='ltr'>Κλεοδαίου,</span> <span class='ocrx_word' id='word_1_12' title='bbox 346 333 396 388; x_wconf 88' lang='grc' dir='ltr'>τοῦ</span> <span class='ocrx_word' id='word_1_13' title='bbox 417 328 536 399; x_wconf 81' lang='grc' dir='ltr'>Ὕλλου,</span> <span class='ocrx_word' id='word_1_14' title='bbox 564 332 614 388; x_wconf 86' lang='grc' dir='ltr'>τοῦ</span> <span class='ocrx_word' id='word_1_15' title='bbox 633 327 798 405; x_wconf 80' lang='grc' dir='ltr'>Ἡρακλέος·</span> <span class='ocrx_word' id='word_1_16' title='bbox 834 327 884 388; x_wconf 77' lang='grc' dir='ltr'>ἐάν</span> <span class='ocrx_word' id='word_1_17' title='bbox 903 333 953 405; x_wconf 79' lang='grc' dir='ltr'>τῆς</span> 
     </span>
     <span class='ocr_line' id='line_1_4' title="bbox 154 414 953 496; baseline 0.003 -20"><span class='ocrx_word' id='word_1_18' title='bbox 154 418 246 496; x_wconf 78' lang='grc' dir='ltr'>ἑτέρης</span> <span class='ocrx_word' id='word_1_19' title='bbox 266 417 353 493; x_wconf 80' lang='grc' dir='ltr'>οἰκίης</span> <span class='ocrx_word' id='word_1_20' title='bbox 372 420 428 476; x_wconf 86' lang='grc' dir='ltr'>τιῦν</span> <span class='ocrx_word' id='word_1_21' title='bbox 450 417 604 492; x_wconf 88' lang='grc' dir='ltr'>βασιλέων.</span> <span class='ocrx_word' id='word_1_22' title='bbox 647 414 723 476; x_wconf 80' lang='grc' dir='ltr'>οὗτοι</span> <span class='ocrx_word' id='word_1_23' title='bbox 748 415 855 486; x_wconf 85' lang='grc' dir='ltr'>πάντες,</span> <span class='ocrx_word' id='word_1_24' title='bbox 876 417 953 493; x_wconf 83' lang='grc' dir='ltr'>πλήν</span> 
     </span>
     <span class='ocr_line' id='line_1_5' title="bbox 152 504 952 584; baseline 0 -18"><span class='ocrx_word' id='word_1_25' title='bbox 152 510 207 566; x_wconf 79' lang='grc' dir='ltr'>τῶν</span> <span class='ocrx_word' id='word_1_26' title='bbox 220 506 291 565; x_wconf 78' lang='grc' dir='ltr'>δυῶν</span> <span class='ocrx_word' id='word_1_27' title='bbox 302 509 357 566; x_wconf 78' lang='grc' dir='ltr'>τῶν</span> <span class='ocrx_word' id='word_1_28' title='bbox 369 504 440 582; x_wconf 71' lang='grc' dir='ltr'>μετὰ</span> <span class='ocrx_word' id='word_1_29' title='bbox 453 505 623 584; x_wconf 81' lang='grc' dir='ltr'>Λευτυχίδεα</span> <span class='ocrx_word' id='word_1_30' title='bbox 640 504 756 582; x_wconf 84' lang='grc' dir='ltr'>πράτων</span> <span class='ocrx_word' id='word_1_31' title='bbox 769 506 952 583; x_wconf 86' lang='grc' dir='ltr'>καταλεχθέν-</span> 
     </span>
     <span class='ocr_line' id='line_1_6' title="bbox 152 591 952 674; baseline -0.001 -21"><span class='ocrx_word' id='word_1_32' title='bbox 152 619 214 664; x_wconf 86' lang='grc' dir='ltr'>των,</span> <span class='ocrx_word' id='word_1_33' title='bbox 230 597 257 653; x_wconf 82' lang='grc' dir='ltr'>οί</span> <span class='ocrx_word' id='word_1_34' title='bbox 270 591 363 666; x_wconf 78' lang='grc' dir='ltr'>ἄλλοι,</span> <span class='ocrx_word' id='word_1_35' title='bbox 375 594 511 670; x_wconf 86' lang='grc' dir='ltr'>βασιλέες</span> <span class='ocrx_word' id='word_1_36' title='bbox 524 595 650 674; x_wconf 86' lang='grc' dir='ltr'>ἐγένοντο</span> <span class='ocrx_word' id='word_1_37' title='bbox 665 593 804 670; x_wconf 70' lang='grc' dir='ltr'>Σπάρτης</span> <span class='ocrx_word' id='word_1_38' title='bbox 825 592 952 668; x_wconf 88' lang='grc' dir='ltr'>Ἀθηναί-</span> 
     </span>
     <span class='ocr_line' id='line_1_7' title="bbox 153 680 999 763; baseline 0 -23"><span class='ocrx_word' id='word_1_39' title='bbox 153 709 190 740; x_wconf 90' lang='grc' dir='ltr'>ων</span> <span class='ocrx_word' id='word_1_40' title='bbox 199 681 229 741; x_wconf 84' lang='grc' dir='ltr'>δέ</span> <span class='ocrx_word' id='word_1_41' title='bbox 242 681 411 763; x_wconf 77' lang='grc' dir='ltr'>ἐστρατήγεε</span> <span class='ocrx_word' id='word_1_42' title='bbox 421 680 583 744; x_wconf 73' lang='grc' dir='ltr'>’Ξάνθιππος</span> <span class='ocrx_word' id='word_1_43' title='bbox 596 681 612 742; x_wconf 84' lang='grc' dir='ltr'>ά</span> <span class='ocrx_word' id='word_1_44' title='bbox 625 681 801 759; x_wconf 78' lang='grc' dir='ltr'>Ἀρίφρονος.</span> <span class='ocrx_word' id='word_1_45' title='bbox 842 680 890 744; x_wconf 88' lang='grc' dir='ltr'>Ὡς</span> <span class='ocrx_word' id='word_1_46' title='bbox 904 681 933 740; x_wconf 82' lang='grc' dir='ltr'>δέ</span> <span class='ocrx_word' id='word_1_47' title='bbox 943 684 999 741; x_wconf 80' lang='grc'>132</span> 
     </span>
     <span class='ocr_line' id='line_1_8' title="bbox 153 769 953 850; baseline 0.003 -24"><span class='ocrx_word' id='word_1_48' title='bbox 153 770 338 849; x_wconf 76' lang='grc' dir='ltr'>παρεγένοντο</span> <span class='ocrx_word' id='word_1_49' title='bbox 351 775 378 832; x_wconf 88' lang='grc' dir='ltr'>ἐς</span> <span class='ocrx_word' id='word_1_50' title='bbox 390 769 442 844; x_wconf 82' lang='grc' dir='ltr'>τήν</span> <span class='ocrx_word' id='word_1_51' title='bbox 455 771 571 850; x_wconf 83' lang='grc' dir='ltr'>Αἴγιναν</span> <span class='ocrx_word' id='word_1_52' title='bbox 587 773 679 830; x_wconf 80' lang='grc' dir='ltr'>πᾶσαι</span> <span class='ocrx_word' id='word_1_53' title='bbox 692 773 721 829; x_wconf 85' lang='grc' dir='ltr'>αἱ</span> <span class='ocrx_word' id='word_1_54' title='bbox 737 774 807 845; x_wconf 75' lang='grc' dir='ltr'>νῆες,</span> <span class='ocrx_word' id='word_1_55' title='bbox 821 769 953 829; x_wconf 79' lang='grc' dir='ltr'>ἀπίκοντο</span> 
     </span>
     <span class='ocr_line' id='line_1_9' title="bbox 152 856 952 938; baseline 0 -22"><span class='ocrx_word' id='word_1_56' title='bbox 152 857 250 918; x_wconf 84' lang='grc' dir='ltr'>Ἰάνων</span> <span class='ocrx_word' id='word_1_57' title='bbox 264 856 381 938; x_wconf 77' lang='grc' dir='ltr'>ἄγγελοι</span> <span class='ocrx_word' id='word_1_58' title='bbox 395 863 422 921; x_wconf 91' lang='grc' dir='ltr'>ἐς</span> <span class='ocrx_word' id='word_1_59' title='bbox 435 857 467 918; x_wconf 86' lang='grc' dir='ltr'><em>τό</em></span> <span class='ocrx_word' id='word_1_60' title='bbox 481 857 671 935; x_wconf 86' lang='grc' dir='ltr'>στρατόπεδον</span> <span class='ocrx_word' id='word_1_61' title='bbox 684 861 738 918; x_wconf 77' lang='grc' dir='ltr'>τάν</span> <span class='ocrx_word' id='word_1_62' title='bbox 751 857 904 934; x_wconf 81' lang='grc' dir='ltr'>Ἑλλήνων·</span> <span class='ocrx_word' id='word_1_63' title='bbox 926 857 952 916; x_wconf 74' lang='grc' dir='ltr'>οἳ</span> 
     </span>
     <span class='ocr_line' id='line_1_10' title="bbox 153 945 952 1027; baseline 0.005 -25"><span class='ocrx_word' id='word_1_64' title='bbox 153 945 199 1003; x_wconf 87' lang='grc' dir='ltr'>καὶ</span> <span class='ocrx_word' id='word_1_65' title='bbox 220 951 247 1009; x_wconf 89' lang='grc' dir='ltr'>ἐς</span> <span class='ocrx_word' id='word_1_66' title='bbox 266 946 318 1021; x_wconf 81' lang='grc' dir='ltr'>τήν</span> <span class='ocrx_word' id='word_1_67' title='bbox 332 945 464 1024; x_wconf 75' lang='grc' dir='ltr'>Σπάρτην</span> <span class='ocrx_word' id='word_1_68' title='bbox 477 945 564 1027; x_wconf 77' lang='grc' dir='ltr'>ὀλίγῳ</span> <span class='ocrx_word' id='word_1_69' title='bbox 584 945 720 1023; x_wconf 88' lang='grc' dir='ltr'>πρότερον</span> <span class='ocrx_word' id='word_1_70' title='bbox 739 946 841 1006; x_wconf 81' lang='grc' dir='ltr'>τούτων</span> <span class='ocrx_word' id='word_1_71' title='bbox 857 945 952 1006; x_wconf 84' lang='grc' dir='ltr'>άπικό-</span> 
     </span>
     <span class='ocr_line' id='line_1_11' title="bbox 153 1033 951 1110; baseline 0.003 -18"><span class='ocrx_word' id='word_1_72' title='bbox 153 1059 240 1105; x_wconf 89' lang='grc' dir='ltr'>μενοι,</span> <span class='ocrx_word' id='word_1_73' title='bbox 254 1034 362 1094; x_wconf 90' lang='grc' dir='ltr'>ἐδέοντο</span> <span class='ocrx_word' id='word_1_74' title='bbox 372 1034 596 1110; x_wconf 84' lang='grc' dir='ltr'>Λακεδαιμονίων</span> <span class='ocrx_word' id='word_1_75' title='bbox 606 1035 768 1110; x_wconf 80' lang='grc' dir='ltr'>ἐλευθεροῦν</span> <span class='ocrx_word' id='word_1_76' title='bbox 777 1034 829 1109; x_wconf 82' lang='grc' dir='ltr'>τήν</span> <span class='ocrx_word' id='word_1_77' title='bbox 837 1033 951 1108; x_wconf 88' lang='grc' dir='ltr'>Ἰωνίην·</span> 
     </span>
     <span class='ocr_line' id='line_1_12' title="bbox 153 1121 955 1200; baseline 0.005 -22"><span class='ocrx_word' id='word_1_78' title='bbox 153 1124 208 1180; x_wconf 81' lang='grc' dir='ltr'>τῶν</span> <span class='ocrx_word' id='word_1_79' title='bbox 221 1121 267 1180; x_wconf 83' lang='grc' dir='ltr'>καὶ</span> <span class='ocrx_word' id='word_1_80' title='bbox 284 1121 436 1200; x_wconf 87' lang='grc' dir='ltr'>Ἡρόδοτος</span> <span class='ocrx_word' id='word_1_81' title='bbox 456 1121 471 1181; x_wconf 85' lang='grc' dir='ltr'>ά</span> <span class='ocrx_word' id='word_1_82' title='bbox 490 1121 667 1197; x_wconf 73' lang='grc' dir='ltr'>Βασιληίδεω</span> <span class='ocrx_word' id='word_1_83' title='bbox 684 1121 728 1197; x_wconf 86' lang='grc' dir='ltr'>ἦν·</span> <span class='ocrx_word' id='word_1_84' title='bbox 750 1121 777 1182; x_wconf 78' lang='grc' dir='ltr'>οἳ</span> <span class='ocrx_word' id='word_1_85' title='bbox 797 1124 955 1182; x_wconf 87' lang='grc' dir='ltr'>στασιιῦταί</span> 
     </span>
     <span class='ocr_line' id='line_1_13' title="bbox 145 1209 953 1291; baseline 0.001 -23"><span class='ocrx_word' id='word_1_86' title='bbox 145 1209 387 1291; x_wconf 76' lang='grc' dir='ltr'>σφιγενόμενοι,</span> <span class='ocrx_word' id='word_1_87' title='bbox 410 1209 598 1286; x_wconf 78' lang='grc' dir='ltr'>ἐπεβούλευον</span> <span class='ocrx_word' id='word_1_88' title='bbox 624 1209 742 1270; x_wconf 91' lang='grc' dir='ltr'>θάνατον</span> <span class='ocrx_word' id='word_1_89' title='bbox 769 1209 889 1287; x_wconf 75' lang='grc' dir='ltr'>Στράττι</span> <span class='ocrx_word' id='word_1_90' title='bbox 915 1214 953 1288; x_wconf 78' lang='grc' dir='ltr'>τῷ</span> 
     </span>
     <span class='ocr_line' id='line_1_14' title="bbox 153 1297 953 1378; baseline 0.006 -22"><span class='ocrx_word' id='word_1_91' title='bbox 153 1297 225 1357; x_wconf 87' lang='grc' dir='ltr'>Χίου</span> <span class='ocrx_word' id='word_1_92' title='bbox 244 1297 374 1378; x_wconf 79' lang='grc' dir='ltr'>τυράννῳ,</span> <span class='ocrx_word' id='word_1_93' title='bbox 393 1297 483 1360; x_wconf 83' lang='grc' dir='ltr'>ἐόντες</span> <span class='ocrx_word' id='word_1_94' title='bbox 502 1297 593 1376; x_wconf 83' lang='grc' dir='ltr'>άρχήν</span> <span class='ocrx_word' id='word_1_95' title='bbox 614 1297 692 1357; x_wconf 86' lang='grc' dir='ltr'>ἐπτά·</span> <span class='ocrx_word' id='word_1_96' title='bbox 724 1298 953 1374; x_wconf 75' lang='grc' dir='ltr'>ἐπιβουλεύοντες</span> 
     </span>
     <span class='ocr_line' id='line_1_15' title="bbox 154 1384 952 1467; baseline 0.003 -23"><span class='ocrx_word' id='word_1_97' title='bbox 154 1385 184 1444; x_wconf 82' lang='grc' dir='ltr'>δὲ</span> <span class='ocrx_word' id='word_1_98' title='bbox 197 1385 232 1448; x_wconf 80' lang='grc' dir='ltr'>ὦς</span> <span class='ocrx_word' id='word_1_99' title='bbox 246 1389 361 1464; x_wconf 83' lang='grc' dir='ltr'>φανεροὶ</span> <span class='ocrx_word' id='word_1_100' title='bbox 375 1386 510 1467; x_wconf 88' lang='grc' dir='ltr'>ἐγένοντο,</span> <span class='ocrx_word' id='word_1_101' title='bbox 520 1387 702 1455; x_wconf 81' lang='grc' dir='ltr'>ἐξενείκαντος</span> <span class='ocrx_word' id='word_1_102' title='bbox 714 1384 766 1460; x_wconf 83' lang='grc' dir='ltr'>τήν</span> <span class='ocrx_word' id='word_1_103' title='bbox 780 1388 952 1465; x_wconf 78' lang='grc' dir='ltr'>ἐπιχείρησιν</span> 
     </span>
     <span class='ocr_line' id='line_1_16' title="bbox 155 1472 951 1553; baseline 0.009 -23"><span class='ocrx_word' id='word_1_104' title='bbox 155 1473 213 1534; x_wconf 80' lang='grc' dir='ltr'>ἑνός</span> <span class='ocrx_word' id='word_1_105' title='bbox 230 1477 284 1534; x_wconf 76' lang='grc' dir='ltr'>τῶν</span> <span class='ocrx_word' id='word_1_106' title='bbox 301 1473 480 1553; x_wconf 80' lang='grc' dir='ltr'>μετεχόντων,</span> <span class='ocrx_word' id='word_1_107' title='bbox 497 1473 566 1534; x_wconf 77' lang='grc' dir='ltr'>οὕτω</span> <span class='ocrx_word' id='word_1_108' title='bbox 584 1472 618 1548; x_wconf 81' lang='grc' dir='ltr'>δή</span> <span class='ocrx_word' id='word_1_109' title='bbox 637 1477 663 1534; x_wconf 86' lang='grc' dir='ltr'>οἱ</span> <span class='ocrx_word' id='word_1_110' title='bbox 680 1474 784 1543; x_wconf 83' lang='grc' dir='ltr'>λοιποὶ,</span> <span class='ocrx_word' id='word_1_111' title='bbox 805 1474 835 1544; x_wconf 79' lang='grc' dir='ltr'>ἐξ</span> <span class='ocrx_word' id='word_1_112' title='bbox 854 1475 951 1544; x_wconf 88' lang='grc' dir='ltr'>ἐόντες,</span> 
     </span>
     <span class='ocr_line' id='line_1_17' title="bbox 154 1560 951 1640; baseline 0.006 -22"><span class='ocrx_word' id='word_1_113' title='bbox 154 1560 311 1640; x_wconf 77' lang='grc' dir='ltr'>ὑπεξέσχον</span> <span class='ocrx_word' id='word_1_114' title='bbox 324 1568 354 1622; x_wconf 85' lang='grc' dir='ltr'>ἐκ</span> <span class='ocrx_word' id='word_1_115' title='bbox 367 1566 418 1638; x_wconf 85' lang='grc' dir='ltr'>τῆς</span> <span class='ocrx_word' id='word_1_116' title='bbox 431 1563 511 1632; x_wconf 88' lang='grc' dir='ltr'>Χίου,</span> <span class='ocrx_word' id='word_1_117' title='bbox 525 1562 571 1622; x_wconf 85' lang='grc' dir='ltr'>καὶ</span> <span class='ocrx_word' id='word_1_118' title='bbox 585 1567 612 1624; x_wconf 91' lang='grc' dir='ltr'>ἐς</span> <span class='ocrx_word' id='word_1_119' title='bbox 631 1561 763 1638; x_wconf 78' lang='grc' dir='ltr'>Σπάρτην</span> <span class='ocrx_word' id='word_1_120' title='bbox 775 1588 806 1621; x_wconf 93' lang='grc' dir='ltr'>τε</span> <span class='ocrx_word' id='word_1_121' title='bbox 819 1561 951 1624; x_wconf 88' lang='grc' dir='ltr'>άπίκοντο</span> 
     </span>
     <span class='ocr_line' id='line_1_18' title="bbox 154 1649 952 1732; baseline 0.006 -25"><span class='ocrx_word' id='word_1_122' title='bbox 154 1651 200 1708; x_wconf 87' lang='grc' dir='ltr'>καὶ</span> <span class='ocrx_word' id='word_1_123' title='bbox 218 1649 252 1726; x_wconf 84' lang='grc' dir='ltr'>δή</span> <span class='ocrx_word' id='word_1_124' title='bbox 271 1651 317 1709; x_wconf 86' lang='grc' dir='ltr'>καὶ</span> <span class='ocrx_word' id='word_1_125' title='bbox 333 1650 397 1712; x_wconf 87' lang='grc' dir='ltr'>τότε</span> <span class='ocrx_word' id='word_1_126' title='bbox 414 1655 441 1714; x_wconf 92' lang='grc' dir='ltr'>ἐς</span> <span class='ocrx_word' id='word_1_127' title='bbox 457 1649 509 1727; x_wconf 88' lang='grc' dir='ltr'>τήν</span> <span class='ocrx_word' id='word_1_128' title='bbox 525 1651 649 1732; x_wconf 81' lang='grc' dir='ltr'>Αἴγιναν,</span> <span class='ocrx_word' id='word_1_129' title='bbox 663 1653 718 1710; x_wconf 81' lang='grc' dir='ltr'>τῶν</span> <span class='ocrx_word' id='word_1_130' title='bbox 732 1649 876 1727; x_wconf 83' lang='grc' dir='ltr'>Ἑλλήνων</span> <span class='ocrx_word' id='word_1_131' title='bbox 894 1652 952 1712; x_wconf 87' lang='grc' dir='ltr'>δεό-</span> 
     </span>
     <span class='ocr_line' id='line_1_19' title="bbox 153 1737 952 1822; baseline 0.006 -26"><span class='ocrx_word' id='word_1_132' title='bbox 153 1763 231 1812; x_wconf 91' lang='grc' dir='ltr'>μενοι</span> <span class='ocrx_word' id='word_1_133' title='bbox 255 1743 440 1799; x_wconf 82' lang='grc' dir='ltr'>καταπλῶσαι</span> <span class='ocrx_word' id='word_1_134' title='bbox 464 1745 491 1802; x_wconf 91' lang='grc' dir='ltr'>ἐς</span> <span class='ocrx_word' id='word_1_135' title='bbox 516 1739 568 1816; x_wconf 85' lang='grc' dir='ltr'>τήν</span> <span class='ocrx_word' id='word_1_136' title='bbox 590 1737 704 1815; x_wconf 76' lang='grc' dir='ltr'>Ἰωνίην</span> <span class='ocrx_word' id='word_1_137' title='bbox 741 1738 767 1798; x_wconf 73' lang='grc' dir='ltr'>οἳ</span> <span class='ocrx_word' id='word_1_138' title='bbox 790 1739 952 1822; x_wconf 80' lang='grc' dir='ltr'>προήγαγον</span> 
     </span>
     <span class='ocr_line' id='line_1_20' title="bbox 154 1824 953 1908; baseline 0.008 -26"><span class='ocrx_word' id='word_1_139' title='bbox 154 1824 252 1888; x_wconf 83' lang='grc' dir='ltr'>αῦτοῦς</span> <span class='ocrx_word' id='word_1_140' title='bbox 264 1827 346 1908; x_wconf 83' lang='grc' dir='ltr'>μόγις</span> <span class='ocrx_word' id='word_1_141' title='bbox 363 1829 446 1906; x_wconf 90' lang='grc' dir='ltr'>μέχρι</span> <span class='ocrx_word' id='word_1_142' title='bbox 460 1827 567 1904; x_wconf 90' lang='grc' dir='ltr'>Δήλου·</span> <span class='ocrx_word' id='word_1_143' title='bbox 587 1826 620 1886; x_wconf 86' lang='grc' dir='ltr'>τό</span> <span class='ocrx_word' id='word_1_144' title='bbox 638 1827 693 1908; x_wconf 81' lang='grc' dir='ltr'>γάρ</span> <span class='ocrx_word' id='word_1_145' title='bbox 714 1829 880 1904; x_wconf 85' lang='grc' dir='ltr'>προσωτέρω</span> <span class='ocrx_word' id='word_1_146' title='bbox 897 1833 953 1888; x_wconf 79' lang='grc' dir='ltr'>πάν</span> 
     </span>
     <span class='ocr_line' id='line_1_21' title="bbox 154 1912 1032 1993; baseline 0.006 -22"><span class='ocrx_word' id='word_1_147' title='bbox 154 1912 242 1974; x_wconf 81' lang='grc' dir='ltr'>δεινόν</span> <span class='ocrx_word' id='word_1_148' title='bbox 262 1914 297 1990; x_wconf 85' lang='grc' dir='ltr'>ἦν</span> <span class='ocrx_word' id='word_1_149' title='bbox 317 1919 400 1980; x_wconf 46' lang='grc' dir='ltr'>,τοῖσι</span> <span class='ocrx_word' id='word_1_150' title='bbox 420 1915 556 1991; x_wconf 86' lang='grc' dir='ltr'>Ἕλλησι,</span> <span class='ocrx_word' id='word_1_151' title='bbox 583 1914 645 1975; x_wconf 86' lang='grc' dir='ltr'>οῦτε</span> <span class='ocrx_word' id='word_1_152' title='bbox 671 1919 726 1974; x_wconf 84' lang='grc' dir='ltr'>τιῦν</span> <span class='ocrx_word' id='word_1_153' title='bbox 752 1915 848 1993; x_wconf 78' lang='grc' dir='ltr'>χαίρων</span> <span class='ocrx_word' id='word_1_154' title='bbox 874 1921 952 1976; x_wconf 81' lang='grc' dir='ltr'>ἐοῦσι</span> <span class='ocrx_word' id='word_1_155' title='bbox 1029 1931 1032 1938; x_wconf 91' lang='grc'><strong>’</strong></span> 
     </span>
     <span class='ocr_line' id='line_1_22' title="bbox 155 2002 952 2079; baseline 0.005 -20"><span class='ocrx_word' id='word_1_156' title='bbox 155 2002 319 2078; x_wconf 87' lang='grc' dir='ltr'>ἐμπείροισι,</span> <span class='ocrx_word' id='word_1_157' title='bbox 345 2007 479 2079; x_wconf 79' lang='grc' dir='ltr'>στρατιῆς</span> <span class='ocrx_word' id='word_1_158' title='bbox 501 2029 532 2062; x_wconf 93' lang='grc' dir='ltr'>τε</span> <span class='ocrx_word' id='word_1_159' title='bbox 552 2002 644 2063; x_wconf 88' lang='grc' dir='ltr'>πάντα</span> <span class='ocrx_word' id='word_1_160' title='bbox 664 2003 739 2060; x_wconf 86' lang='grc' dir='ltr'>πλέα</span> <span class='ocrx_word' id='word_1_161' title='bbox 762 2003 852 2062; x_wconf 89' lang='grc' dir='ltr'>ἐδόκεε</span> <span class='ocrx_word' id='word_1_162' title='bbox 875 2005 952 2063; x_wconf 85' lang='grc' dir='ltr'>εἶναι·</span> 
     </span>
     <span class='ocr_line' id='line_1_23' title="bbox 154 2088 953 2168; baseline 0.001 -20"><span class='ocrx_word' id='word_1_163' title='bbox 154 2088 206 2164; x_wconf 81' lang='grc' dir='ltr'>τήν</span> <span class='ocrx_word' id='word_1_164' title='bbox 219 2090 248 2148; x_wconf 84' lang='grc' dir='ltr'>δέ</span> <span class='ocrx_word' id='word_1_165' title='bbox 263 2089 359 2166; x_wconf 85' lang='grc' dir='ltr'>Σάμον</span> <span class='ocrx_word' id='word_1_166' title='bbox 372 2091 520 2150; x_wconf 87' lang='grc' dir='ltr'>ἐπιστέατο</span> <span class='ocrx_word' id='word_1_167' title='bbox 537 2089 604 2168; x_wconf 71' lang='grc' dir='ltr'>δόξη</span> <span class='ocrx_word' id='word_1_168' title='bbox 618 2091 663 2148; x_wconf 84' lang='grc' dir='ltr'>καὶ</span> <span class='ocrx_word' id='word_1_169' title='bbox 675 2089 832 2165; x_wconf 87' lang='grc' dir='ltr'>Ἡρακλέας</span> <span class='ocrx_word' id='word_1_170' title='bbox 845 2091 953 2166; x_wconf 86' lang='grc' dir='ltr'>στήλας</span> 
     </span>
     <span class='ocr_line' id='line_1_24' title="bbox 156 2175 953 2259; baseline 0.006 -27"><span class='ocrx_word' id='word_1_171' title='bbox 156 2176 219 2238; x_wconf 81' lang='grc' dir='ltr'>ἴσον</span> <span class='ocrx_word' id='word_1_172' title='bbox 239 2177 362 2256; x_wconf 79' lang='grc' dir='ltr'>α’πέχειν·</span> <span class='ocrx_word' id='word_1_173' title='bbox 384 2179 535 2238; x_wconf 86' lang='grc' dir='ltr'>συνέπιπτε</span> <span class='ocrx_word' id='word_1_174' title='bbox 553 2178 582 2237; x_wconf 86' lang='grc' dir='ltr'>δέ</span> <span class='ocrx_word' id='word_1_175' title='bbox 600 2181 718 2245; x_wconf 87' lang='grc' dir='ltr'>τοιοῦτο,</span> <span class='ocrx_word' id='word_1_176' title='bbox 733 2175 806 2236; x_wconf 79' lang='grc' dir='ltr'>ὥστε</span> <span class='ocrx_word' id='word_1_177' title='bbox 821 2178 886 2241; x_wconf 79' lang='grc' dir='ltr'>τοῦς</span> <span class='ocrx_word' id='word_1_178' title='bbox 902 2182 953 2259; x_wconf 85' lang='grc' dir='ltr'>μὲν</span> 
     </span>
     <span class='ocr_line' id='line_1_25' title="bbox 155 2263 952 2343; baseline 0.006 -23"><span class='ocrx_word' id='word_1_179' title='bbox 155 2263 321 2341; x_wconf 84' lang='grc' dir='ltr'>βαρβάρους</span> <span class='ocrx_word' id='word_1_180' title='bbox 345 2265 378 2326; x_wconf 83' lang='grc' dir='ltr'>τό</span> <span class='ocrx_word' id='word_1_181' title='bbox 404 2265 475 2343; x_wconf 81' lang='grc' dir='ltr'>πρός</span> <span class='ocrx_word' id='word_1_182' title='bbox 499 2266 618 2343; x_wconf 78' lang='grc' dir='ltr'>ἑσπέρης</span> <span class='ocrx_word' id='word_1_183' title='bbox 644 2263 768 2342; x_wconf 84' lang='grc' dir='ltr'>άνωτέρω</span> <span class='ocrx_word' id='word_1_184' title='bbox 796 2265 893 2342; x_wconf 84' lang='grc' dir='ltr'>Σάμου</span> <span class='ocrx_word' id='word_1_185' title='bbox 912 2267 952 2342; x_wconf 82' lang='grc' dir='ltr'>μή</span> 
     </span>
     <span class='ocr_line' id='line_1_26' title="bbox 155 2352 952 2432; baseline 0.005 -23"><span class='ocrx_word' id='word_1_186' title='bbox 155 2355 265 2428; x_wconf 78' lang='grc' dir='ltr'>τολμᾶν</span> <span class='ocrx_word' id='word_1_187' title='bbox 283 2358 475 2424; x_wconf 83' lang='grc' dir='ltr'>καταπλῶσαι,</span> <span class='ocrx_word' id='word_1_188' title='bbox 495 2352 747 2432; x_wconf 84' lang='grc' dir='ltr'>καταρρωδηκότας·</span> <span class='ocrx_word' id='word_1_189' title='bbox 767 2353 831 2416; x_wconf 78' lang='grc' dir='ltr'>τοῦς</span> <span class='ocrx_word' id='word_1_190' title='bbox 846 2353 952 2413; x_wconf 85' lang='grc' dir='ltr'>δέἜλ-</span> 
     </span>
     <span class='ocr_line' id='line_1_27' title="bbox 156 2439 953 2520; baseline 0.004 -22"><span class='ocrx_word' id='word_1_191' title='bbox 156 2444 255 2514; x_wconf 90' lang='grc' dir='ltr'>ληνας,“</span> <span class='ocrx_word' id='word_1_192' title='bbox 276 2442 444 2520; x_wconf 81' lang='grc' dir='ltr'>χρηῖζόντων</span> <span class='ocrx_word' id='word_1_193' title='bbox 470 2443 554 2512; x_wconf 89' lang='grc' dir='ltr'>Χίων,</span> <span class='ocrx_word' id='word_1_194' title='bbox 581 2442 614 2501; x_wconf 80' lang='grc' dir='ltr'>τό</span> <span class='ocrx_word' id='word_1_195' title='bbox 646 2441 716 2518; x_wconf 80' lang='grc' dir='ltr'>πρός</span> <span class='ocrx_word' id='word_1_196' title='bbox 744 2439 785 2518; x_wconf 87' lang='grc' dir='ltr'>ήιῦ</span> <span class='ocrx_word' id='word_1_197' title='bbox 811 2443 953 2520; x_wconf 85' lang='grc' dir='ltr'>κατωτέρω</span> 
     </span>
     <span class='ocr_line' id='line_1_28' title="bbox 156 2528 857 2607; baseline 0.004 -21"><span class='ocrx_word' id='word_1_198' title='bbox 156 2528 264 2602; x_wconf 77' lang='grc' dir='ltr'>Δήλου·</span> <span class='ocrx_word' id='word_1_199' title='bbox 286 2529 356 2589; x_wconf 76' lang='grc' dir='ltr'>οὕτω</span> <span class='ocrx_word' id='word_1_200' title='bbox 369 2531 429 2594; x_wconf 89' lang='grc' dir='ltr'>δέος</span> <span class='ocrx_word' id='word_1_201' title='bbox 441 2531 473 2590; x_wconf 77' lang='grc' dir='ltr'>τό</span> <span class='ocrx_word' id='word_1_202' title='bbox 487 2531 576 2607; x_wconf 84' lang='grc' dir='ltr'>μέσον</span> <span class='ocrx_word' id='word_1_203' title='bbox 590 2529 740 2606; x_wconf 80' lang='grc' dir='ltr'>ἐφίλασσέ</span> <span class='ocrx_word' id='word_1_204' title='bbox 752 2536 857 2606; x_wconf 76' lang='grc' dir='ltr'>σφεων.</span> 
     </span>
     <span class='ocr_line' id='line_1_29' title="bbox 140 2618 1000 2696; baseline 0.001 -18"><span class='ocrx_word' id='word_1_205' title='bbox 140 2669 144 2678; x_wconf 86' lang='grc'>,</span> <span class='ocrx_word' id='word_1_206' title='bbox 198 2620 234 2676; x_wconf 78' lang='grc' dir='ltr'>Οἱ</span> <span class='ocrx_word' id='word_1_207' title='bbox 247 2621 299 2695; x_wconf 79' lang='grc' dir='ltr'>μὲν</span> <span class='ocrx_word' id='word_1_208' title='bbox 312 2619 346 2695; x_wconf 81' lang='grc' dir='ltr'>δή</span> <span class='ocrx_word' id='word_1_209' title='bbox 355 2619 493 2695; x_wconf 82' lang='grc' dir='ltr'>Ἕλληνες</span> <span class='ocrx_word' id='word_1_210' title='bbox 507 2621 614 2678; x_wconf 80' lang='grc' dir='ltr'>ἔπλωον</span> <span class='ocrx_word' id='word_1_211' title='bbox 627 2623 655 2681; x_wconf 86' lang='grc' dir='ltr'>ἐς</span> <span class='ocrx_word' id='word_1_212' title='bbox 667 2618 718 2693; x_wconf 68' lang='grc' dir='ltr'>τήν</span> <span class='ocrx_word' id='word_1_213' title='bbox 729 2621 835 2694; x_wconf 84' lang='grc' dir='ltr'>Δῆλον·</span> <span class='ocrx_word' id='word_1_214' title='bbox 853 2625 932 2696; x_wconf 91' lang='grc' dir='ltr'>Μαρ-</span> <span class='ocrx_word' id='word_1_215' title='bbox 944 2623 1000 2680; x_wconf 71' lang='lat'>1³3</span> 
     </span>
     <span class='ocr_line' id='line_1_30' title="bbox 106 2695 954 2779; baseline 0.009 -25"><span class='ocrx_word' id='word_1_216' title='bbox 106 2739 111 2754; x_wconf 84' lang='grc'>,</span> <span class='ocrx_word' id='word_1_217' title='bbox 158 2695 246 2762; x_wconf 85' lang='grc' dir='ltr'>δόνιος</span> <span class='ocrx_word' id='word_1_218' title='bbox 266 2700 295 2759; x_wconf 85' lang='grc' dir='ltr'>δὲ</span> <span class='ocrx_word' id='word_1_219' title='bbox 313 2702 376 2779; x_wconf 85' lang='grc' dir='ltr'>περὶ</span> <span class='ocrx_word' id='word_1_220' title='bbox 396 2700 447 2777; x_wconf 83' lang='grc' dir='ltr'>τήν</span> <span class='ocrx_word' id='word_1_221' title='bbox 467 2701 634 2776; x_wconf 82' lang='grc' dir='ltr'>Θεσσαλίην</span> <span class='ocrx_word' id='word_1_222' title='bbox 654 2700 788 2779; x_wconf 87' lang='grc' dir='ltr'>ἐχείμαζε.</span> <span class='ocrx_word' id='word_1_223' title='bbox 831 2703 954 2762; x_wconf 84' lang='grc' dir='ltr'>ἐνθεῦτεν</span> 
     </span>
     <span class='ocr_line' id='line_1_31' title="bbox 157 2784 955 2867; baseline 0.006 -23"><span class='ocrx_word' id='word_1_224' title='bbox 157 2784 187 2843; x_wconf 82' lang='grc' dir='ltr'>δέ</span> <span class='ocrx_word' id='word_1_225' title='bbox 210 2785 388 2866; x_wconf 82' lang='grc' dir='ltr'>άρμεάμενος,</span> <span class='ocrx_word' id='word_1_226' title='bbox 411 2791 515 2867; x_wconf 80' lang='grc' dir='ltr'>ἔπεμπε</span> <span class='ocrx_word' id='word_1_227' title='bbox 541 2789 610 2848; x_wconf 84' lang='grc' dir='ltr'>κατά</span> <span class='ocrx_word' id='word_1_228' title='bbox 634 2788 670 2848; x_wconf 80' lang='grc' dir='ltr'>τά</span> <span class='ocrx_word' id='word_1_229' title='bbox 689 2789 848 2867; x_wconf 90' lang='grc' dir='ltr'>χρηστήρια</span> <span class='ocrx_word' id='word_1_230' title='bbox 869 2789 955 2867; x_wconf 88' lang='grc' dir='ltr'>άνδρα</span> 
     </span>
     <span class='ocr_line' id='line_1_32' title="bbox 157 2871 955 2957; baseline 0.01 -27"><span class='ocrx_word' id='word_1_231' title='bbox 157 2871 292 2950; x_wconf 75' lang='grc' dir='ltr'>Εὐρωπέα</span> <span class='ocrx_word' id='word_1_232' title='bbox 314 2880 400 2957; x_wconf 86' lang='grc' dir='ltr'>γένος,</span> <span class='ocrx_word' id='word_1_233' title='bbox 421 2881 460 2957; x_wconf 82' lang='grc' dir='ltr'>τῷ</span> <span class='ocrx_word' id='word_1_234' title='bbox 482 2877 589 2954; x_wconf 82' lang='grc' dir='ltr'>οὔνομα</span> <span class='ocrx_word' id='word_1_235' title='bbox 612 2876 646 2954; x_wconf 86' lang='grc' dir='ltr'>ἦν</span> <span class='ocrx_word' id='word_1_236' title='bbox 670 2882 741 2947; x_wconf 86' lang='grc' dir='ltr'>Μῦς,</span> <span class='ocrx_word' id='word_1_237' title='bbox 766 2878 955 2954; x_wconf 86' lang='grc' dir='ltr'>ἐντειλάμενος</span> 
     </span>
     <span class='ocr_line' id='line_1_33' title="bbox 157 2965 954 3044; baseline 0.011 -25"><span class='ocrx_word' id='word_1_238' title='bbox 157 2968 287 3041; x_wconf 84' lang='grc' dir='ltr'>πανταχῆ</span> <span class='ocrx_word' id='word_1_239' title='bbox 299 2991 347 3040; x_wconf 91' lang='grc' dir='ltr'>μιν</span> <span class='ocrx_word' id='word_1_240' title='bbox 363 2967 540 3044; x_wconf 90' lang='grc' dir='ltr'>χρησόμενον</span> <span class='ocrx_word' id='word_1_241' title='bbox 560 2967 653 3026; x_wconf 79' lang='grc' dir='ltr'>ἐλθεῖν</span> <span class='ocrx_word' id='word_1_242' title='bbox 669 2969 725 3025; x_wconf 81' lang='grc' dir='ltr'>τῶν</span> <span class='ocrx_word' id='word_1_243' title='bbox 741 2966 786 3026; x_wconf 80' lang='grc' dir='ltr'>οἶά</span> <span class='ocrx_word' id='word_1_244' title='bbox 801 2991 832 3026; x_wconf 88' lang='grc' dir='ltr'>τε</span> <span class='ocrx_word' id='word_1_245' title='bbox 849 2965 883 3041; x_wconf 85' lang='grc' dir='ltr'>ἦν</span> <span class='ocrx_word' id='word_1_246' title='bbox 899 2973 954 3043; x_wconf 81' lang='grc' dir='ltr'>σφι</span> 
     </span>
     <span class='ocr_line' id='line_1_34' title="bbox 157 3046 955 3132; baseline 0.011 -26"><span class='ocrx_word' id='word_1_247' title='bbox 157 3046 413 3127; x_wconf 71' lang='grc' dir='ltr'>ἀποπειρήσασθαι.</span> <span class='ocrx_word' id='word_1_248' title='bbox 454 3053 470 3114; x_wconf 85' lang='grc' dir='ltr'>ὅ</span> <span class='ocrx_word' id='word_1_249' title='bbox 493 3081 521 3114; x_wconf 91' lang='grc' dir='ltr'>τι</span> <span class='ocrx_word' id='word_1_250' title='bbox 540 3058 591 3132; x_wconf 82' lang='grc' dir='ltr'>μὲν</span> <span class='ocrx_word' id='word_1_251' title='bbox 617 3054 792 3131; x_wconf 88' lang='grc' dir='ltr'>βουλόμενος</span> <span class='ocrx_word' id='word_1_252' title='bbox 812 3054 955 3130; x_wconf 88' lang='grc' dir='ltr'>ἐκμαθέειν</span> 
     </span>
     <span class='ocr_line' id='line_1_35' title="bbox 158 3137 956 3222; baseline 0.009 -27"><span class='ocrx_word' id='word_1_253' title='bbox 158 3137 228 3212; x_wconf 87' lang='grc' dir='ltr'>πρός</span> <span class='ocrx_word' id='word_1_254' title='bbox 244 3143 300 3200; x_wconf 80' lang='grc' dir='ltr'>τῶν</span> <span class='ocrx_word' id='word_1_255' title='bbox 319 3143 496 3220; x_wconf 86' lang='grc' dir='ltr'>χρηστηρίων</span> <span class='ocrx_word' id='word_1_256' title='bbox 519 3146 606 3202; x_wconf 90' lang='grc' dir='ltr'>ταῦτα</span> <span class='ocrx_word' id='word_1_257' title='bbox 630 3143 798 3212; x_wconf 87' lang='grc' dir='ltr'>ἐνετέλλετο,</span> <span class='ocrx_word' id='word_1_258' title='bbox 826 3140 875 3201; x_wconf 84' lang='grc' dir='ltr'>οῦκ</span> <span class='ocrx_word' id='word_1_259' title='bbox 902 3143 956 3222; x_wconf 84' lang='grc' dir='ltr'>ἔχω</span> 
     </span>
     <span class='ocr_line' id='line_1_36' title="bbox 158 3225 956 3312; baseline 0.004 -27"><span class='ocrx_word' id='word_1_260' title='bbox 158 3225 278 3300; x_wconf 79' lang='grc' dir='ltr'>φράσαι·</span> <span class='ocrx_word' id='word_1_261' title='bbox 300 3228 332 3290; x_wconf 83' lang='grc' dir='ltr'>οῦ</span> <span class='ocrx_word' id='word_1_262' title='bbox 353 3230 407 3312; x_wconf 76' lang='grc' dir='ltr'>γάρ</span> <span class='ocrx_word' id='word_1_263' title='bbox 430 3229 467 3290; x_wconf 84' lang='grc' dir='ltr'>ὧν</span> <span class='ocrx_word' id='word_1_264' title='bbox 488 3231 609 3310; x_wconf 86' lang='grc' dir='ltr'>λέγεται·</span> <span class='ocrx_word' id='word_1_265' title='bbox 637 3231 721 3289; x_wconf 88' lang='grc' dir='ltr'>δοκέω</span> <span class='ocrx_word' id='word_1_266' title='bbox 743 3229 765 3290; x_wconf 80' lang='grc' dir='ltr'>δ’</span> <span class='ocrx_word' id='word_1_267' title='bbox 787 3231 872 3311; x_wconf 82' lang='grc' dir='ltr'>ἔγωγε</span> <span class='ocrx_word' id='word_1_268' title='bbox 892 3232 956 3308; x_wconf 84' lang='grc' dir='ltr'>περὶ</span> 
     </span>
     <span class='ocr_line' id='line_1_37' title="bbox 158 3317 956 3400; baseline 0 -22"><span class='ocrx_word' id='word_1_269' title='bbox 158 3317 212 3378; x_wconf 74' lang='grc' dir='ltr'>τῶν</span> <span class='ocrx_word' id='word_1_270' title='bbox 235 3319 393 3397; x_wconf 87' lang='grc' dir='ltr'>παρεόντων</span> <span class='ocrx_word' id='word_1_271' title='bbox 415 3319 594 3400; x_wconf 90' lang='grc' dir='ltr'>πρηγμάτων,</span> <span class='ocrx_word' id='word_1_272' title='bbox 622 3319 668 3377; x_wconf 86' lang='grc' dir='ltr'>καὶ</span> <span class='ocrx_word' id='word_1_273' title='bbox 695 3318 745 3378; x_wconf 74' lang='grc' dir='ltr'>οὐκ</span> <span class='ocrx_word' id='word_1_274' title='bbox 772 3317 867 3380; x_wconf 84' lang='grc' dir='ltr'>άλλων</span> <span class='ocrx_word' id='word_1_275' title='bbox 893 3321 956 3397; x_wconf 88' lang='grc' dir='ltr'>πέρι</span> 
     </span>
    </p>
   </div>
   <div class='ocr_carea' id='block_1_2' title="bbox 0 0 1142 3534">
    <p class='ocr_par' dir='ltr' id='par_1_2' title="bbox 0 0 1142 3534">
     <span class='ocr_line' id='line_1_38' title="bbox 0 0 1142 3534; baseline 0 0"><span class='ocrx_word' id='word_1_276' title='bbox 0 0 1142 3534; x_wconf 95' lang='lat' dir='ltr'> </span> 
     </span>
    </p>
   </div>
  </div>
 </body>
</html>
