2262 3534
164 169 211 219 ιω
467 163 649 214 ἮνυΔοτοι·
894 163 968 232 ·[[Χ.·

163 247 258 324 βαζος.
290 236 552 323 ιμεταπεμψάμενος
579 243 616 303 ὧν
641 245 706 307 ποδς
724 239 892 325 ταξιάρχους
911 249 966 308 τῶν

163 335 264 394 τελέων
285 333 331 392 καὶ
350 335 405 393 τῶν
424 331 484 409 μετ’
501 336 601 391 ἑωυτοῦ
622 331 721 392 ἐόντων
737 331 882 408 Ἑλλήνων
901 334 967 398 τοιίς

165 421 346 502 στρατηγοός,
359 419 456 498 εἰρώτα
465 422 490 480 εἶ
499 447 526 479 τι
537 421 630 479 εἰδεῖεν
639 420 738 501 λόγιον
748 421 811 497 περὶ
823 423 965 498 Περσέων,

166 509 202 573 οἰς
220 509 431 587 διαφθερέονται
452 515 481 568 ἐν
497 513 532 586 τῇ
549 507 685 576 Ἐλλάδα
708 508 849 588 σιγώντων
865 509 895 568 δέ
910 508 970 570 τών

166 599 328 674 ἐπικλήτων,
342 603 397 658 τῶν
410 601 460 675 μὲν
475 597 523 656 οὐκ
541 596 651 656 εἰδότων
667 596 731 660 τοιίς
744 597 898 675 χρησμοός,
912 602 967 658 τῶν

165 686 195 746 δέ
209 685 319 746 εἰδότων
331 689 383 762 μὲν
394 691 422 744 ἐν
435 684 512 763 άδείη
531 685 561 742 δὲ
578 683 610 743 οιί
628 686 795 760 ποιευμένων
811 684 844 744 τό
864 687 966 765 λέγειν,
1029 759 1034 768 ,

124 811 127 817 ·
166 774 247 836 οὗτός
268 773 426 850 Μαρδόνιος
447 774 535 854 ἔλεγε·
557 783 574 808 “
584 773 643 831 ἐπεὶ
663 773 755 832 τοίνυν
776 772 853 848 όμεῖς
869 771 887 848 ἦ
905 774 967 832 ’ίστε

167 861 252 932 οόδέν,
273 860 292 936 ἦ
312 860 345 920 οὔ
365 865 490 937 τολμᾶτε
511 861 612 942 λέγειν,
635 859 700 919 ἀλλ’
722 860 775 941 ἐγώ
796 861 861 937 ἐρέω
882 860 917 923 ὦς
938 860 967 920 εἰ

167 949 359 1025 ἐπιστάμενος·
390 950 450 1008 ἐστι
474 948 572 1028 λόγιον
595 947 631 1011 ὦς
656 947 739 1025 χρεόν
766 952 826 1007 ἐστι
851 949 967 1025 Πέρσας

167 1035 349 1112 ἀπικομένους
371 1042 399 1100 ἐς
418 1037 470 1112 τήν
487 1035 622 1106 Ἑλλάδα,
636 1035 790 1111 διαρπάσαι
808 1035 840 1095 τό
859 1035 919 1113 ἱρόν
933 1036 967 1096 τό

167 1129 196 1185 ἐν
224 1129 375 1200 Δελφοῖσι,
397 1124 468 1203 μετά
491 1123 521 1182 δὲ
547 1124 599 1198 τήν
626 1123 782 1204 διαρπαγήν
807 1123 967 1184 ἀπολέσθαι

167 1212 281 1275 πάντας.
322 1212 403 1290 ἡμεῖς
415 1213 514 1285 τοίνυν,
529 1211 596 1271 αότδ
610 1215 693 1270 τοῦτο
706 1210 894 1286 ἐπιστάμενοι,
905 1211 968 1272 οὔτε

168 1302 229 1377 ἴμεν
238 1303 283 1360 ἐπὶ
296 1301 329 1361 τό
344 1301 403 1378 ἰρόν
410 1306 493 1360 τοῦτο
503 1299 565 1359 οὔτε
575 1298 789 1378 ἐπιχειρήσομεν
799 1298 966 1376 διαρπάζειν·

167 1389 268 1466 ταύτης
280 1416 312 1449 τε
326 1389 415 1449 εἶνεκα
428 1393 478 1464 τῆς
492 1389 580 1463 αἰτίης
598 1387 647 1446 οὐκ
666 1386 854 1463 ἀπολεόμεθα.
896 1387 968 1446 ὥστε

110 1481 121 1498 ‘
167 1477 257 1554 όμέων
288 1475 352 1537 ὅσοι
378 1477 549 1557 τυγχάνουσι
581 1475 670 1534 εὔνοοι
705 1474 793 1538 ἐόντες
825 1475 964 1553 Πέρσησι,

167 1564 269 1640 ἥδεσθε
289 1565 370 1623 τοῦδε
388 1566 484 1634 εἵνεκα,
505 1564 540 1626 ώς
561 1563 775 1640 περιεσομένους
796 1561 883 1638 ήμέας
903 1561 967 1620 Ἑλ-

168 1650 284 1728 λήνων.”
320 1651 408 1712 ταῦτά
421 1658 477 1727 σφι
492 1652 577 1720 εἶπας,
591 1651 704 1727 δεύτερα
717 1649 850 1726 ἐσήμαινε
863 1675 967 1726 παραρ-

168 1739 284 1800 τέεσθαί
302 1765 332 1798 τε
352 1738 444 1798 πάντα
466 1739 511 1797 καὶ
534 1737 657 1814 εὐκρινέα
677 1737 837 1808 ποιέεσθαι,·
855 1736 890 1800 ώς
910 1736 967 1814 ἅμα

168 1827 257 1906 ήμέρῃ
270 1830 306 1905 τῇ
320 1825 437 1906 ἐπιούσῃ
452 1828 604 1903 συμβολῆς
620 1827 762 1900 ἐσομένης.

121 1919 160 1977 43
210 1918 315 1975 Τοῦτον
329 1914 351 1973 δ’
365 1915 451 1996 ἔγωγε
464 1915 513 1974 τόν
526 1913 658 1992 χρησμόν
675 1913 724 1972 τόν
738 1911 895 1988 Μαρδόνιος
909 1912 967 1970 εἶπε

169 2009 196 2067 ἐς
210 2005 325 2081 Πέρσας
338 2004 419 2082 ἐχειν,
433 2008 461 2066 ἐς
472 2001 627 2078 Ἰλλυριούς
639 2027 670 2060 τε
689 2000 734 2059 καὶ
751 1999 801 2059 τόν
813 1999 968 2079 Ἐγχέλεων

169 2092 291 2170 στρατόν
318 2092 380 2152 οἰδα
406 2091 600 2166 πεποιημένον,
628 2087 692 2147 ἀλλ’
720 2087 769 2147 οὐκ
794 2093 821 2150 ἐς
844 2088 968 2162 Πέρσας.

169 2181 245 2240 άλλιί
272 2181 308 2239 τὰ
332 2183 384 2256 μὲν
407 2179 508 2238 Βάκιδί
531 2183 593 2237 ἐστι
617 2182 644 2239 ἐς
670 2175 772 2251 ταύτην
798 2174 850 2251 τήν
876 2173 969 2252 μάχην

169 2269 351 2344 πεποιημένα·
871 2291 875 2296 ’

217 2398 262 2454 τὴν
279 2395 297 2442 δ’
314 2396 354 2443 ἐπὶ
370 2395 522 2454 θερμιόδοντι
540 2393 579 2440 καί
592 2392 700 2452 Ἀσωπῷ
716 2393 833 2453 λεχεποίῃ

135 2497 138 2502 -
214 2468 337 2524 Ἐλλήνων
354 2467 457 2523 σύνοδον,
478 2467 517 2513 καί
534 2465 723 2527 βαρβαρόφωνον
740 2466 817 2524 ἱῦγήν·

164 2553 167 2558 ”
217 2542 251 2600 τῇ
267 2540 354 2586 πολλοὶ
373 2539 501 2586 πεσέονται
518 2538 578 2598 ὑπὲρ
594 2537 701 2596 Λάχεσίν
717 2553 745 2583 τε
761 2537 833 2598 μόρον
847 2555 876 2584 τε

217 2609 354 2672 τοξοφόρων
370 2610 467 2669 Μήδων,
486 2611 544 2657 όταν
562 2609 656 2666 αἴσιμον
673 2608 737 2670 ἦμαρ
755 2609 853 2668 ἐπέλθῃ.

169 2706 258 2763 ταῦτα
270 2705 322 2780 μὲν
336 2701 381 2760 καὶ
394 2700 581 2777 παραπλήσια
594 2700 720 2760 τούτοισι
734 2698 811 2759 ἅλλα
822 2701 971 2760 Μουσαίου

170 2791 268 2869 ἔχοντα
292 2790 353 2849 οἴδα
376 2795 402 2852 ἐς
425 2791 550 2867 Πέρσας·
577 2787 592 2846 ό
618 2787 646 2845 δὲ
670 2787 822 2865 Θερμώδων
844 2786 970 2863 ποταμός

170 2879 225 2956 ῥέει
238 2878 341 2956 μεταξό
355 2876 499 2958 Τανάγρης
511 2903 542 2936 τε
556 2876 602 2934 καὶ
616 2874 781 2937 Γλίσαντος.

122 2969 162 3027 44
211 2967 292 3026 Μετὰ
311 2967 340 3025 δέ
358 2966 409 3042 τήν
427 2963 608 3041 ἐπειρώτησιν
625 2967 679 3021 τῶν
692 2965 828 3040 χρησμῶν
842 2960 888 3020 καί
901 2985 971 3036 παρ-

171 3055 276 3114 αίνεσιν
295 3054 346 3129 τήν
366 3058 396 3111 ἐκ
417 3051 585 3127 Μαρδονίου,
609 3048 660 3117 νύξ
685 3075 716 3108 τε
743 3049 847 3129 ἐγένετο
872 3048 918 3106 καὶ
944 3051 972 3108 ἐς

112 3137 115 3146 ’
171 3141 300 3216 φυλακάς
333 3139 497 3198 ἐτάσσοντο.
538 3135 574 3196 ὦς
599 3135 629 3193 δὲ
659 3135 757 3210 πρόσω
791 3140 841 3210 τῆς
875 3133 972 3196 νυκτός

170 3228 358 3304 προελήλατο,
378 3226 423 3284 καὶ
441 3223 546 3301 ήσυχίη
566 3220 656 3280 ἐδόκεε
675 3223 744 3282 εἶναι
764 3221 816 3281 «ivd
834 3221 870 3280 τά
886 3246 971 3294 στρα-

170 3314 274 3373 τόπεδα
300 3315 346 3372 καὶ
372 3312 500 3388 μάλιστα
525 3312 552 3366 οἶ
578 3306 719 3384 ἅνθρωποι
743 3307 812 3368 εἶναι
840 3311 869 3366 ἐν
887 3306 971 3381 ὕπνῳ,
