<?xml version="1.0" encoding="UTF-8"?>
<!DOCTYPE html PUBLIC "-//W3C//DTD XHTML 1.0 Transitional//EN"
    "http://www.w3.org/TR/xhtml1/DTD/xhtml1-transitional.dtd">
<html xmlns="http://www.w3.org/1999/xhtml" xml:lang="en" lang="en">
 <head>
  <title>
</title>
<meta http-equiv="Content-Type" content="text/html;charset=utf-8" />
  <meta name='ocr-system' content='tesseract 3.04.00' />
  <meta name='ocr-capabilities' content='ocr_page ocr_carea ocr_par ocr_line ocrx_word'/>
</head>
<body>
  <div class='ocr_page' id='page_1' title='image "./herodotusrecens02blakgoog_0355.png"; bbox 0 0 2262 3534; ppageno 0'>
   <div class='ocr_carea' id='block_1_1' title="bbox 136 185 932 248">
    <p class='ocr_par' dir='ltr' id='par_1_1' title="bbox 136 185 932 248">
     <span class='ocr_line' id='line_1_1' title="bbox 136 185 932 248; baseline 0.001 -12"><span class='ocrx_word' id='word_1_1' title='bbox 136 185 273 248; x_wconf 75' lang='grc' dir='ltr'>ιιι-ιιι]</span> <span class='ocrx_word' id='word_1_2' title='bbox 438 185 625 236; x_wconf 67' lang='grc' dir='ltr'>κιιτιτοοιι.</span> <span class='ocrx_word' id='word_1_3' title='bbox 887 188 932 239; x_wconf 78' lang='lat'>³37</span> 
     </span>
    </p>
   </div>
   <div class='ocr_carea' id='block_1_2' title="bbox 619 267 798 292">
    <p class='ocr_par' dir='ltr' id='par_1_2' title="bbox 619 267 798 292">
     <span class='ocr_line' id='line_1_2' title="bbox 619 267 798 292; baseline -0.006 0"><span class='ocrx_word' id='word_1_4' title='bbox 619 267 798 292; x_wconf 63' lang='grc' dir='ltr'>νιος</span> 
     </span>
    </p>
   </div>
   <div class='ocr_carea' id='block_1_3' title="bbox 134 265 979 783">
    <p class='ocr_par' dir='ltr' id='par_1_3' title="bbox 134 265 979 783">
     <span class='ocr_line' id='line_1_3' title="bbox 134 265 934 350; baseline 0 -22"><span class='ocrx_word' id='word_1_5' title='bbox 134 268 226 346; x_wconf 75' lang='grc' dir='ltr'>ἔφερε·</span> <span class='ocrx_word' id='word_1_6' title='bbox 253 265 446 350; x_wconf 75' lang='grc' dir='ltr'>ἀπαγαγόντες</span> <span class='ocrx_word' id='word_1_7' title='bbox 466 268 496 327; x_wconf 80' lang='grc' dir='ltr'>δὲ</span> <span class='ocrx_word' id='word_1_8' title='bbox 513 266 598 328; x_wconf 73' lang='grc' dir='ltr'>αὐτόν</span> <span class='ocrx_word' id='word_1_9' title='bbox 614 295 642 332; x_wconf 89' lang='grc' dir='ltr'>ες</span> <span class='ocrx_word' id='word_1_10' title='bbox 658 294 710 344; x_wconf 80' lang='grc' dir='ltr'>την</span> <span class='ocrx_word' id='word_1_11' title='bbox 728 294 815 345; x_wconf 85' lang='grc' dir='ltr'>ακτην</span> <span class='ocrx_word' id='word_1_12' title='bbox 835 273 863 332; x_wconf 78' lang='grc' dir='ltr'>ές</span> <span class='ocrx_word' id='word_1_13' title='bbox 883 267 934 344; x_wconf 75' lang='grc' dir='ltr'>τὴν</span> 
     </span>
     <span class='ocr_line' id='line_1_4' title="bbox 134 356 934 438; baseline -0.001 -20"><span class='ocrx_word' id='word_1_14' title='bbox 134 356 239 432; x_wconf 81' lang='grc' dir='ltr'>Ξέρξης</span> <span class='ocrx_word' id='word_1_15' title='bbox 261 356 351 427; x_wconf 81' lang='grc' dir='ltr'>ἔζευξε</span> <span class='ocrx_word' id='word_1_16' title='bbox 373 356 423 416; x_wconf 82' lang='grc' dir='ltr'>τόν</span> <span class='ocrx_word' id='word_1_17' title='bbox 444 356 540 433; x_wconf 87' lang='grc' dir='ltr'>πόρον,</span> <span class='ocrx_word' id='word_1_18' title='bbox 566 357 606 435; x_wconf 81' lang='grc' dir='ltr'>(οἱ</span> <span class='ocrx_word' id='word_1_19' title='bbox 627 357 657 416; x_wconf 77' lang='grc' dir='ltr'>δὲ</span> <span class='ocrx_word' id='word_1_20' title='bbox 681 357 800 438; x_wconf 86' lang='grc' dir='ltr'>λέγουσι</span> <span class='ocrx_word' id='word_1_21' title='bbox 820 359 865 416; x_wconf 83' lang='grc' dir='ltr'>ε’πὶ</span> <span class='ocrx_word' id='word_1_22' title='bbox 884 357 934 417; x_wconf 81' lang='grc' dir='ltr'>τόν</span> 
     </span>
     <span class='ocr_line' id='line_1_5' title="bbox 134 443 933 523; baseline 0.003 -21"><span class='ocrx_word' id='word_1_23' title='bbox 134 444 256 504; x_wconf 78' lang='grc' dir='ltr'>κολωνόν</span> <span class='ocrx_word' id='word_1_24' title='bbox 276 443 326 504; x_wconf 82' lang='grc' dir='ltr'>τόν</span> <span class='ocrx_word' id='word_1_25' title='bbox 347 443 416 522; x_wconf 76' lang='grc' dir='ltr'>ύπέρ</span> <span class='ocrx_word' id='word_1_26' title='bbox 435 443 568 504; x_wconf 84' lang='grc' dir='ltr'>Μαδύτου</span> <span class='ocrx_word' id='word_1_27' title='bbox 585 444 706 523; x_wconf 88' lang='grc' dir='ltr'>πάλιος,)</span> <span class='ocrx_word' id='word_1_28' title='bbox 728 445 828 503; x_wconf 82' lang='grc' dir='ltr'>σανιδα</span> <span class='ocrx_word' id='word_1_29' title='bbox 846 471 933 521; x_wconf 92' lang='grc' dir='ltr'>προσ-</span> 
     </span>
     <span class='ocr_line' id='line_1_6' title="bbox 134 531 934 609; baseline 0 -19"><span class='ocrx_word' id='word_1_30' title='bbox 134 531 395 602; x_wconf 84' lang='grc' dir='ltr'>πασσαλεύσαντες,</span> <span class='ocrx_word' id='word_1_31' title='bbox 424 531 626 609; x_wconf 84' lang='grc' dir='ltr'>άνεκρέμοσαν·</span> <span class='ocrx_word' id='word_1_32' title='bbox 660 531 709 591; x_wconf 83' lang='grc' dir='ltr'>τόν</span> <span class='ocrx_word' id='word_1_33' title='bbox 732 532 761 590; x_wconf 83' lang='grc' dir='ltr'>δὲ</span> <span class='ocrx_word' id='word_1_34' title='bbox 788 532 873 590; x_wconf 84' lang='grc' dir='ltr'>παῖδα</span> <span class='ocrx_word' id='word_1_35' title='bbox 906 538 934 590; x_wconf 82' lang='grc' dir='ltr'>έν</span> 
     </span>
     <span class='ocr_line' id='line_1_7' title="bbox 135 617 979 696; baseline -0.005 -16"><span class='ocrx_word' id='word_1_36' title='bbox 135 617 314 696; x_wconf 76' lang='grc' dir='ltr'>ὀφθαλμοῖσι</span> <span class='ocrx_word' id='word_1_37' title='bbox 326 624 376 680; x_wconf 74' lang='grc' dir='ltr'>τοῦ</span> <span class='ocrx_word' id='word_1_38' title='bbox 386 619 559 696; x_wconf 74' lang='grc' dir='ltr'>Ἀρταΰκτεω</span> <span class='ocrx_word' id='word_1_39' title='bbox 576 621 756 679; x_wconf 78' lang='grc' dir='ltr'>κατέλευσαν.</span> <span class='ocrx_word' id='word_1_40' title='bbox 778 623 872 678; x_wconf 84' lang='grc' dir='ltr'>Ταῦτα</span> <span class='ocrx_word' id='word_1_41' title='bbox 885 619 914 677; x_wconf 79' lang='grc' dir='ltr'>δὲ</span> <span class='ocrx_word' id='word_1_42' title='bbox 926 619 979 678; x_wconf 81' lang='grc'>121</span> 
     </span>
     <span class='ocr_line' id='line_1_8' title="bbox 134 705 934 783; baseline 0.001 -18"><span class='ocrx_word' id='word_1_43' title='bbox 134 707 303 783; x_wconf 79' lang='grc' dir='ltr'>ποιήσαντες</span> <span class='ocrx_word' id='word_1_44' title='bbox 321 707 464 767; x_wconf 73' lang='grc' dir='ltr'>ἀπέπλεον</span> <span class='ocrx_word' id='word_1_45' title='bbox 482 713 510 770; x_wconf 79' lang='grc' dir='ltr'>ἐς</span> <span class='ocrx_word' id='word_1_46' title='bbox 526 707 578 783; x_wconf 81' lang='grc' dir='ltr'>τήν</span> <span class='ocrx_word' id='word_1_47' title='bbox 598 706 733 778; x_wconf 84' lang='grc' dir='ltr'>Ἑλλάδα,</span> <span class='ocrx_word' id='word_1_48' title='bbox 750 707 786 767; x_wconf 89' lang='grc' dir='ltr'>τά</span> <span class='ocrx_word' id='word_1_49' title='bbox 805 734 836 766; x_wconf 92' lang='grc' dir='ltr'>τε</span> <span class='ocrx_word' id='word_1_50' title='bbox 856 705 934 766; x_wconf 79' lang='grc' dir='ltr'>ἅλλα</span> 
     </span>
    </p>
   </div>
   <div class='ocr_carea' id='block_1_4' title="bbox 134 793 933 876">
    <p class='ocr_par' dir='ltr' id='par_1_4' title="bbox 134 793 933 876">
     <span class='ocr_line' id='line_1_9' title="bbox 134 793 933 876; baseline 0 -22"><span class='ocrx_word' id='word_1_51' title='bbox 134 793 266 874; x_wconf 85' lang='grc' dir='ltr'>χρήματα</span> <span class='ocrx_word' id='word_1_52' title='bbox 283 794 396 876; x_wconf 79' lang='grc' dir='ltr'>ἄγοντες</span> <span class='ocrx_word' id='word_1_53' title='bbox 412 795 457 854; x_wconf 83' lang='grc' dir='ltr'>καὶ</span> <span class='ocrx_word' id='word_1_54' title='bbox 471 794 504 870; x_wconf 76' lang='grc' dir='ltr'>δή</span> <span class='ocrx_word' id='word_1_55' title='bbox 520 796 566 853; x_wconf 83' lang='grc' dir='ltr'>καὶ</span> <span class='ocrx_word' id='word_1_56' title='bbox 578 794 614 854; x_wconf 81' lang='grc' dir='ltr'>τά</span> <span class='ocrx_word' id='word_1_57' title='bbox 627 795 703 855; x_wconf 83' lang='grc' dir='ltr'>ὅπλα</span> <span class='ocrx_word' id='word_1_58' title='bbox 716 801 772 856; x_wconf 78' lang='grc' dir='ltr'>τῶν</span> <span class='ocrx_word' id='word_1_59' title='bbox 783 796 933 876; x_wconf 85' lang='grc' dir='ltr'>γεφυρέων,</span> 
     </span>
    </p>
   </div>
   <div class='ocr_carea' id='block_1_5' title="bbox 74 881 938 2968">
    <p class='ocr_par' dir='ltr' id='par_1_5' title="bbox 135 881 932 1052">
     <span class='ocr_line' id='line_1_10' title="bbox 135 881 932 959; baseline 0.003 -18"><span class='ocrx_word' id='word_1_60' title='bbox 135 882 171 946; x_wconf 78' lang='grc' dir='ltr'>ὦς</span> <span class='ocrx_word' id='word_1_61' title='bbox 184 882 371 959; x_wconf 74' lang='grc' dir='ltr'>ἀναθήσοντες</span> <span class='ocrx_word' id='word_1_62' title='bbox 389 888 416 946; x_wconf 83' lang='grc' dir='ltr'>ἐς</span> <span class='ocrx_word' id='word_1_63' title='bbox 435 881 471 942; x_wconf 83' lang='grc' dir='ltr'>τά</span> <span class='ocrx_word' id='word_1_64' title='bbox 493 882 547 959; x_wconf 82' lang='grc' dir='ltr'>ἱρά·</span> <span class='ocrx_word' id='word_1_65' title='bbox 572 884 618 942; x_wconf 91' lang='grc' dir='ltr'>καὶ</span> <span class='ocrx_word' id='word_1_66' title='bbox 635 882 704 942; x_wconf 80' lang='grc' dir='ltr'>κατά</span> <span class='ocrx_word' id='word_1_67' title='bbox 725 883 757 943; x_wconf 81' lang='grc' dir='ltr'>τό</span> <span class='ocrx_word' id='word_1_68' title='bbox 775 885 834 946; x_wconf 85' lang='grc' dir='ltr'>ἔτος</span> <span class='ocrx_word' id='word_1_69' title='bbox 849 887 932 944; x_wconf 84' lang='grc' dir='ltr'>τοῦτο</span> 
     </span>
     <span class='ocr_line' id='line_1_11' title="bbox 135 970 613 1052; baseline 0 -22"><span class='ocrx_word' id='word_1_70' title='bbox 135 970 213 1031; x_wconf 75' lang='grc' dir='ltr'>οὐδὲν</span> <span class='ocrx_word' id='word_1_71' title='bbox 227 973 265 1030; x_wconf 85' lang='grc' dir='ltr'>ἔτι</span> <span class='ocrx_word' id='word_1_72' title='bbox 278 973 366 1032; x_wconf 86' lang='grc' dir='ltr'>πλέον</span> <span class='ocrx_word' id='word_1_73' title='bbox 378 971 482 1031; x_wconf 87' lang='grc' dir='ltr'>τούτων</span> <span class='ocrx_word' id='word_1_74' title='bbox 496 972 613 1052; x_wconf 82' lang='grc' dir='ltr'>ἐγένετο.</span> 
     </span>
    </p>

    <p class='ocr_par' dir='ltr' id='par_1_6' title="bbox 74 1058 938 2968">
     <span class='ocr_line' id='line_1_12' title="bbox 175 1058 937 1136; baseline -0.003 -18"><span class='ocrx_word' id='word_1_75' title='bbox 175 1059 282 1118; x_wconf 84' lang='grc' dir='ltr'>Τούτου</span> <span class='ocrx_word' id='word_1_76' title='bbox 296 1059 325 1118; x_wconf 77' lang='grc' dir='ltr'>δὲ</span> <span class='ocrx_word' id='word_1_77' title='bbox 338 1064 389 1119; x_wconf 83' lang='grc' dir='ltr'>τοῦ</span> <span class='ocrx_word' id='word_1_78' title='bbox 401 1058 575 1136; x_wconf 74' lang='grc' dir='ltr'>Ἀρταΰκτεω</span> <span class='ocrx_word' id='word_1_79' title='bbox 587 1063 637 1119; x_wconf 83' lang='grc' dir='ltr'>τοῦ</span> <span class='ocrx_word' id='word_1_80' title='bbox 656 1059 937 1135; x_wconf 74' lang='grc' dir='ltr'>ἀνακρεμασθέντος]</span> 
     </span>
     <span class='ocr_line' id='line_1_13' title="bbox 135 1147 934 1226; baseline -0.001 -21"><span class='ocrx_word' id='word_1_81' title='bbox 135 1147 285 1224; x_wconf 81' lang='grc' dir='ltr'>προπάτωρ</span> <span class='ocrx_word' id='word_1_82' title='bbox 307 1147 502 1224; x_wconf 79' lang='grc' dir='ltr'>Ἀρτεμβάρης</span> <span class='ocrx_word' id='word_1_83' title='bbox 526 1148 588 1208; x_wconf 80' lang='grc' dir='ltr'>ἐστὶ</span> <span class='ocrx_word' id='word_1_84' title='bbox 609 1147 625 1207; x_wconf 87' lang='grc' dir='ltr'>ό</span> <span class='ocrx_word' id='word_1_85' title='bbox 646 1149 778 1225; x_wconf 84' lang='grc' dir='ltr'>Πέρσῃσι</span> <span class='ocrx_word' id='word_1_86' title='bbox 799 1147 934 1226; x_wconf 77' lang='grc' dir='ltr'>ἐξηγησά·</span> 
     </span>
     <span class='ocr_line' id='line_1_14' title="bbox 135 1233 935 1316; baseline -0.004 -21"><span class='ocrx_word' id='word_1_87' title='bbox 135 1262 217 1312; x_wconf 89' lang='grc' dir='ltr'>μενος</span> <span class='ocrx_word' id='word_1_88' title='bbox 238 1235 332 1316; x_wconf 85' lang='grc' dir='ltr'>λόγον,</span> <span class='ocrx_word' id='word_1_89' title='bbox 349 1235 398 1295; x_wconf 81' lang='grc' dir='ltr'>τόν</span> <span class='ocrx_word' id='word_1_90' title='bbox 417 1240 515 1295; x_wconf 87' lang='grc' dir='ltr'>ε’κεῐνοι</span> <span class='ocrx_word' id='word_1_91' title='bbox 535 1235 729 1311; x_wconf 82' lang='grc' dir='ltr'>ύπολαβόντες</span> <span class='ocrx_word' id='word_1_92' title='bbox 748 1233 831 1314; x_wconf 79' lang='grc' dir='ltr'>Κύρῳ</span> <span class='ocrx_word' id='word_1_93' title='bbox 847 1261 935 1311; x_wconf 92' lang='grc' dir='ltr'>προσ-</span> 
     </span>
     <span class='ocr_line' id='line_1_15' title="bbox 135 1321 934 1405; baseline -0.004 -21"><span class='ocrx_word' id='word_1_94' title='bbox 135 1323 255 1399; x_wconf 78' lang='grc' dir='ltr'>ήνεικαν,</span> <span class='ocrx_word' id='word_1_95' title='bbox 283 1324 403 1405; x_wconf 85' lang='grc' dir='ltr'>λέγοντα</span> <span class='ocrx_word' id='word_1_96' title='bbox 423 1324 497 1384; x_wconf 89' lang='grc' dir='ltr'>τάδε·</span> <span class='ocrx_word' id='word_1_97' title='bbox 523 1325 608 1384; x_wconf 86' lang='grc' dir='ltr'>“ε’πεὶ</span> <span class='ocrx_word' id='word_1_98' title='bbox 629 1323 695 1386; x_wconf 78' lang='grc' dir='ltr'>Ζεύς</span> <span class='ocrx_word' id='word_1_99' title='bbox 715 1324 849 1402; x_wconf 84' lang='grc' dir='ltr'>Πέρσησι</span> <span class='ocrx_word' id='word_1_100' title='bbox 872 1321 934 1404; x_wconf 81' lang='grc' dir='ltr'>ἡγε-</span> 
     </span>
     <span class='ocr_line' id='line_1_16' title="bbox 74 1410 936 1491; baseline -0.005 -17"><span class='ocrx_word' id='word_1_101' title='bbox 74 1467 77 1474; x_wconf 95' lang='grc'>.</span> <span class='ocrx_word' id='word_1_102' title='bbox 135 1413 235 1489; x_wconf 84' lang='grc' dir='ltr'>μανίην</span> <span class='ocrx_word' id='word_1_103' title='bbox 243 1413 321 1482; x_wconf 79' lang='grc' dir='ltr'>διδοῖ,</span> <span class='ocrx_word' id='word_1_104' title='bbox 331 1412 435 1490; x_wconf 80' lang='grc' dir='ltr'>ἀνδρῶν</span> <span class='ocrx_word' id='word_1_105' title='bbox 444 1413 473 1472; x_wconf 86' lang='grc' dir='ltr'>δὲ</span> <span class='ocrx_word' id='word_1_106' title='bbox 481 1414 536 1481; x_wconf 83' lang='grc' dir='ltr'>σοὶ,</span> <span class='ocrx_word' id='word_1_107' title='bbox 546 1416 630 1489; x_wconf 80' lang='grc' dir='ltr'>Κῦρε,</span> <span class='ocrx_word' id='word_1_108' title='bbox 640 1412 762 1471; x_wconf 75' lang='grc' dir='ltr'>κατελων</span> <span class='ocrx_word' id='word_1_109' title='bbox 768 1410 936 1491; x_wconf 84' lang='grc' dir='ltr'>Ἀστυάγεα·</span> 
     </span>
     <span class='ocr_line' id='line_1_17' title="bbox 136 1498 935 1581; baseline 0 -23"><span class='ocrx_word' id='word_1_110' title='bbox 136 1500 213 1577; x_wconf 85' lang='grc' dir='ltr'>φέρε,</span> <span class='ocrx_word' id='word_1_111' title='bbox 226 1503 280 1581; x_wconf 73' lang='grc' dir='ltr'>γῆν</span> <span class='ocrx_word' id='word_1_112' title='bbox 293 1500 347 1581; x_wconf 83' lang='grc' dir='ltr'>γάρ</span> <span class='ocrx_word' id='word_1_113' title='bbox 362 1500 499 1576; x_wconf 79' lang='grc' dir='ltr'>ἐκτήμεθα</span> <span class='ocrx_word' id='word_1_114' title='bbox 517 1498 616 1581; x_wconf 79' lang='grc' dir='ltr'>ὀλίγην</span> <span class='ocrx_word' id='word_1_115' title='bbox 634 1501 679 1558; x_wconf 86' lang='grc' dir='ltr'>καὶ</span> <span class='ocrx_word' id='word_1_116' title='bbox 692 1498 795 1575; x_wconf 86' lang='grc' dir='ltr'>ταύτην</span> <span class='ocrx_word' id='word_1_117' title='bbox 807 1499 935 1577; x_wconf 82' lang='grc' dir='ltr'>τρηχέην,</span> 
     </span>
     <span class='ocr_line' id='line_1_18' title="bbox 136 1586 937 1667; baseline -0.002 -20"><span class='ocrx_word' id='word_1_118' title='bbox 136 1589 359 1664; x_wconf 80' lang='grc' dir='ltr'>μεταναστάντες</span> <span class='ocrx_word' id='word_1_119' title='bbox 372 1594 402 1647; x_wconf 83' lang='grc' dir='ltr'>ἔκ</span> <span class='ocrx_word' id='word_1_120' title='bbox 414 1588 515 1664; x_wconf 86' lang='grc' dir='ltr'>ταύτης</span> <span class='ocrx_word' id='word_1_121' title='bbox 526 1586 618 1663; x_wconf 81' lang='grc' dir='ltr'>άλλην</span> <span class='ocrx_word' id='word_1_122' title='bbox 628 1589 732 1667; x_wconf 82' lang='grc' dir='ltr'>ἔχωμεν</span> <span class='ocrx_word' id='word_1_123' title='bbox 742 1586 852 1665; x_wconf 82' lang='grc' dir='ltr'>α’μείνω.</span> <span class='ocrx_word' id='word_1_124' title='bbox 881 1587 937 1646; x_wconf 84' lang='grc' dir='ltr'>εἶσὶ</span> 
     </span>
     <span class='ocr_line' id='line_1_19' title="bbox 137 1674 935 1757; baseline 0.003 -23"><span class='ocrx_word' id='word_1_125' title='bbox 137 1675 166 1734; x_wconf 76' lang='grc' dir='ltr'>δὲ</span> <span class='ocrx_word' id='word_1_126' title='bbox 179 1677 287 1736; x_wconf 87' lang='grc' dir='ltr'>πολλαὶ</span> <span class='ocrx_word' id='word_1_127' title='bbox 300 1679 351 1754; x_wconf 76' lang='grc' dir='ltr'>μὲν</span> <span class='ocrx_word' id='word_1_128' title='bbox 364 1674 557 1757; x_wconf 73' lang='grc' dir='ltr'>ἀστυγείτονες</span> <span class='ocrx_word' id='word_1_129' title='bbox 570 1677 677 1735; x_wconf 88' lang='grc' dir='ltr'>πολλαὶ</span> <span class='ocrx_word' id='word_1_130' title='bbox 688 1676 717 1735; x_wconf 79' lang='grc' dir='ltr'>δὲ</span> <span class='ocrx_word' id='word_1_131' title='bbox 728 1677 773 1735; x_wconf 84' lang='grc' dir='ltr'>καὶ</span> <span class='ocrx_word' id='word_1_132' title='bbox 787 1676 935 1753; x_wconf 83' lang='grc' dir='ltr'>ἑκαστέρω·</span> 
     </span>
     <span class='ocr_line' id='line_1_20' title="bbox 136 1763 935 1843; baseline 0.003 -21"><span class='ocrx_word' id='word_1_133' title='bbox 136 1768 191 1824; x_wconf 80' lang='grc' dir='ltr'>τῶν</span> <span class='ocrx_word' id='word_1_134' title='bbox 212 1766 279 1840; x_wconf 88' lang='grc' dir='ltr'>μίαν</span> <span class='ocrx_word' id='word_1_135' title='bbox 301 1765 419 1843; x_wconf 80' lang='grc' dir='ltr'>σχόντες</span> <span class='ocrx_word' id='word_1_136' title='bbox 440 1765 544 1824; x_wconf 88' lang='grc' dir='ltr'>πλέοσι</span> <span class='ocrx_word' id='word_1_137' title='bbox 569 1764 691 1841; x_wconf 81' lang='grc' dir='ltr'>ἐσόμεθα</span> <span class='ocrx_word' id='word_1_138' title='bbox 716 1763 935 1842; x_wconf 85' lang='grc' dir='ltr'>θωμαστότεροι·</span> 
     </span>
     <span class='ocr_line' id='line_1_21' title="bbox 136 1850 936 1933; baseline 0 -23"><span class='ocrx_word' id='word_1_139' title='bbox 136 1850 212 1915; x_wconf 82' lang='grc' dir='ltr'>οἰκός</span> <span class='ocrx_word' id='word_1_140' title='bbox 225 1852 255 1910; x_wconf 81' lang='grc' dir='ltr'>δὲ</span> <span class='ocrx_word' id='word_1_141' title='bbox 268 1850 405 1931; x_wconf 81' lang='grc' dir='ltr'>άρχοντας</span> <span class='ocrx_word' id='word_1_142' title='bbox 421 1851 521 1929; x_wconf 75' lang='grc' dir='ltr'>ἄνδρας</span> <span class='ocrx_word' id='word_1_143' title='bbox 538 1855 653 1912; x_wconf 84' lang='grc' dir='ltr'>τοιαῦτα</span> <span class='ocrx_word' id='word_1_144' title='bbox 671 1854 782 1912; x_wconf 87' lang='grc' dir='ltr'>ποιέειν·</span> <span class='ocrx_word' id='word_1_145' title='bbox 805 1852 868 1912; x_wconf 88' lang='grc' dir='ltr'>κότε</span> <span class='ocrx_word' id='word_1_146' title='bbox 881 1852 936 1933; x_wconf 81' lang='grc' dir='ltr'>γάρ</span> 
     </span>
     <span class='ocr_line' id='line_1_22' title="bbox 137 1938 936 2020; baseline 0 -22"><span class='ocrx_word' id='word_1_147' title='bbox 137 1938 171 2015; x_wconf 82' lang='grc' dir='ltr'><em>δὴ</em></span> <span class='ocrx_word' id='word_1_148' title='bbox 186 1941 232 1999; x_wconf 85' lang='grc' dir='ltr'>καὶ</span> <span class='ocrx_word' id='word_1_149' title='bbox 245 1941 358 2018; x_wconf 81' lang='grc' dir='ltr'>παρέξει</span> <span class='ocrx_word' id='word_1_150' title='bbox 372 1939 498 2010; x_wconf 87' lang='grc' dir='ltr'>κάλλιον,</span> <span class='ocrx_word' id='word_1_151' title='bbox 512 1938 531 2016; x_wconf 84' lang='grc' dir='ltr'>ἢ</span> <span class='ocrx_word' id='word_1_152' title='bbox 544 1939 590 1999; x_wconf 85' lang='grc' dir='ltr'>ὅτε</span> <span class='ocrx_word' id='word_1_153' title='bbox 602 1966 636 2020; x_wconf 94' lang='grc' dir='ltr'>γε</span> <span class='ocrx_word' id='word_1_154' title='bbox 652 1939 802 2016; x_wconf 75' lang='grc' dir='ltr'>ἀνθρώπων</span> <span class='ocrx_word' id='word_1_155' title='bbox 818 1966 849 1998; x_wconf 90' lang='grc' dir='ltr'>τε</span> <span class='ocrx_word' id='word_1_156' title='bbox 867 1944 936 1998; x_wconf 91' lang='grc' dir='ltr'>πολ·</span> 
     </span>
     <span class='ocr_line' id='line_1_23' title="bbox 137 2024 937 2107; baseline -0.003 -21"><span class='ocrx_word' id='word_1_157' title='bbox 137 2031 195 2088; x_wconf 84' lang='grc' dir='ltr'>λῶν</span> <span class='ocrx_word' id='word_1_158' title='bbox 208 2024 331 2107; x_wconf 74' lang='grc' dir='ltr'>ἄρχομεν</span> <span class='ocrx_word' id='word_1_159' title='bbox 344 2028 437 2104; x_wconf 86' lang='grc' dir='ltr'>πάσης</span> <span class='ocrx_word' id='word_1_160' title='bbox 450 2055 481 2088; x_wconf 91' lang='grc' dir='ltr'>τε</span> <span class='ocrx_word' id='word_1_161' title='bbox 494 2033 544 2104; x_wconf 79' lang='grc' dir='ltr'>τῆς</span> <span class='ocrx_word' id='word_1_162' title='bbox 556 2027 656 2104; x_wconf 83' lang='grc' dir='ltr'>Ἀσίης</span> <span class='ocrx_word' id='word_1_163' title='bbox 665 2026 688 2096; x_wconf 83' lang='grc'>;”</span> <span class='ocrx_word' id='word_1_164' title='bbox 707 2026 800 2104; x_wconf 87' lang='grc' dir='ltr'>Κύρος</span> <span class='ocrx_word' id='word_1_165' title='bbox 810 2027 839 2085; x_wconf 81' lang='grc' dir='ltr'>δὲ</span> <span class='ocrx_word' id='word_1_166' title='bbox 849 2032 937 2085; x_wconf 86' lang='grc' dir='ltr'>ταῦτα</span> 
     </span>
     <span class='ocr_line' id='line_1_24' title="bbox 138 2114 938 2197; baseline -0.001 -22"><span class='ocrx_word' id='word_1_167' title='bbox 138 2114 268 2186; x_wconf 85' lang='grc' dir='ltr'>α’κούσας,</span> <span class='ocrx_word' id='word_1_168' title='bbox 283 2118 329 2176; x_wconf 87' lang='grc' dir='ltr'>καὶ</span> <span class='ocrx_word' id='word_1_169' title='bbox 343 2116 375 2176; x_wconf 78' lang='grc' dir='ltr'>οὗ</span> <span class='ocrx_word' id='word_1_170' title='bbox 389 2116 522 2194; x_wconf 87' lang='grc' dir='ltr'>θωμάσας</span> <span class='ocrx_word' id='word_1_171' title='bbox 535 2116 584 2176; x_wconf 79' lang='grc' dir='ltr'>τόν</span> <span class='ocrx_word' id='word_1_172' title='bbox 598 2116 693 2197; x_wconf 90' lang='grc' dir='ltr'>λόγον,</span> <span class='ocrx_word' id='word_1_173' title='bbox 708 2117 816 2174; x_wconf 69' lang='grc' dir='ltr'>ἐκέλευε</span> <span class='ocrx_word' id='word_1_174' title='bbox 834 2115 938 2174; x_wconf 90' lang='grc' dir='ltr'>ποιέειν</span> 
     </span>
     <span class='ocr_line' id='line_1_25' title="bbox 136 2203 934 2281; baseline -0.004 -18"><span class='ocrx_word' id='word_1_175' title='bbox 136 2208 233 2264; x_wconf 78' lang='grc' dir='ltr'>ταῦτα·</span> <span class='ocrx_word' id='word_1_176' title='bbox 261 2205 332 2266; x_wconf 82' lang='grc' dir='ltr'>οὕτω</span> <span class='ocrx_word' id='word_1_177' title='bbox 354 2205 384 2264; x_wconf 79' lang='grc' dir='ltr'>δὲ</span> <span class='ocrx_word' id='word_1_178' title='bbox 411 2203 521 2264; x_wconf 77' lang='grc' dir='ltr'>αὐτοῖσι</span> <span class='ocrx_word' id='word_1_179' title='bbox 543 2205 682 2281; x_wconf 87' lang='grc' dir='ltr'>παραίνεε,</span> <span class='ocrx_word' id='word_1_180' title='bbox 704 2203 822 2262; x_wconf 84' lang='grc' dir='ltr'>κελεύων</span> <span class='ocrx_word' id='word_1_181' title='bbox 848 2228 934 2278; x_wconf 90' lang='grc' dir='ltr'>παρα-</span> 
     </span>
     <span class='ocr_line' id='line_1_26' title="bbox 137 2289 936 2369; baseline 0.004 -17"><span class='ocrx_word' id='word_1_182' title='bbox 137 2293 323 2365; x_wconf 84' lang='grc' dir='ltr'>σκευάζεσθαι</span> <span class='ocrx_word' id='word_1_183' title='bbox 351 2293 386 2356; x_wconf 80' lang='grc' dir='ltr'>ὦς</span> <span class='ocrx_word' id='word_1_184' title='bbox 407 2293 497 2352; x_wconf 76' lang='grc' dir='ltr'>οὐκέτι</span> <span class='ocrx_word' id='word_1_185' title='bbox 517 2290 651 2369; x_wconf 75' lang='grc' dir='ltr'>ἄρξοντας</span> <span class='ocrx_word' id='word_1_186' title='bbox 674 2289 740 2351; x_wconf 84' lang='grc' dir='ltr'>άλλ’</span> <span class='ocrx_word' id='word_1_187' title='bbox 761 2290 936 2368; x_wconf 77' lang='grc' dir='ltr'>ἀρξομένους·</span> 
     </span>
     <span class='ocr_line' id='line_1_27' title="bbox 138 2379 937 2462; baseline 0.005 -23"><span class='ocrx_word' id='word_1_188' title='bbox 138 2382 247 2455; x_wconf 80' lang='grc' dir='ltr'>φιλέειν</span> <span class='ocrx_word' id='word_1_189' title='bbox 259 2382 314 2462; x_wconf 80' lang='grc' dir='ltr'>γάρ</span> <span class='ocrx_word' id='word_1_190' title='bbox 328 2387 358 2440; x_wconf 84' lang='grc' dir='ltr'>έκ</span> <span class='ocrx_word' id='word_1_191' title='bbox 371 2385 425 2441; x_wconf 83' lang='grc' dir='ltr'>τῶν</span> <span class='ocrx_word' id='word_1_192' title='bbox 434 2385 569 2458; x_wconf 79' lang='grc' dir='ltr'>μαλακῶν</span> <span class='ocrx_word' id='word_1_193' title='bbox 579 2380 674 2459; x_wconf 81' lang='grc' dir='ltr'>χώρων</span> <span class='ocrx_word' id='word_1_194' title='bbox 683 2379 827 2457; x_wconf 81' lang='grc' dir='ltr'>μαλακούς</span> <span class='ocrx_word' id='word_1_195' title='bbox 837 2379 937 2457; x_wconf 80' lang='grc' dir='ltr'>ἄνδρας</span> 
     </span>
     <span class='ocr_line' id='line_1_28' title="bbox 138 2468 936 2550; baseline 0.001 -24"><span class='ocrx_word' id='word_1_196' title='bbox 138 2470 275 2549; x_wconf 88' lang='grc' dir='ltr'>γίνεσθαι·</span> <span class='ocrx_word' id='word_1_197' title='bbox 298 2469 330 2529; x_wconf 84' lang='grc' dir='ltr'>ού</span> <span class='ocrx_word' id='word_1_198' title='bbox 343 2468 398 2550; x_wconf 90' lang='grc' dir='ltr'>γάρ</span> <span class='ocrx_word' id='word_1_199' title='bbox 411 2496 456 2529; x_wconf 90' lang='grc' dir='ltr'>τοι</span> <span class='ocrx_word' id='word_1_200' title='bbox 468 2474 519 2544; x_wconf 75' lang='grc' dir='ltr'>τῆς</span> <span class='ocrx_word' id='word_1_201' title='bbox 532 2469 617 2544; x_wconf 79' lang='grc' dir='ltr'>αὐτῆς</span> <span class='ocrx_word' id='word_1_202' title='bbox 629 2474 682 2550; x_wconf 72' lang='grc' dir='ltr'>γῆς</span> <span class='ocrx_word' id='word_1_203' title='bbox 698 2469 767 2528; x_wconf 80' lang='grc' dir='ltr'>εἶναι</span> <span class='ocrx_word' id='word_1_204' title='bbox 783 2468 890 2546; x_wconf 89' lang='grc' dir='ltr'>καρπόν</span> <span class='ocrx_word' id='word_1_205' title='bbox 906 2495 936 2529; x_wconf 89' lang='grc' dir='ltr'>τε</span> 
     </span>
     <span class='ocr_line' id='line_1_29' title="bbox 139 2555 936 2637; baseline 0 -21"><span class='ocrx_word' id='word_1_206' title='bbox 139 2557 288 2633; x_wconf 74' lang='grc' dir='ltr'>θωμαστὸν</span> <span class='ocrx_word' id='word_1_207' title='bbox 310 2558 391 2634; x_wconf 81' lang='grc' dir='ltr'>φύειν</span> <span class='ocrx_word' id='word_1_208' title='bbox 415 2558 460 2616; x_wconf 85' lang='grc' dir='ltr'>καὶ</span> <span class='ocrx_word' id='word_1_209' title='bbox 482 2555 580 2633; x_wconf 75' lang='grc' dir='ltr'>ἄνδρας</span> <span class='ocrx_word' id='word_1_210' title='bbox 604 2556 725 2637; x_wconf 73' lang='grc' dir='ltr'>ἀγαθούς</span> <span class='ocrx_word' id='word_1_211' title='bbox 748 2556 783 2616; x_wconf 75' lang='grc' dir='ltr'>τά</span> <span class='ocrx_word' id='word_1_212' title='bbox 804 2559 936 2635; x_wconf 87' lang='grc' dir='ltr'>πολέμια·</span> 
     </span>
     <span class='ocr_line' id='line_1_30' title="bbox 139 2642 937 2726; baseline 0.004 -23"><span class='ocrx_word' id='word_1_213' title='bbox 139 2642 211 2704; x_wconf 77' lang='grc' dir='ltr'>ὥστε</span> <span class='ocrx_word' id='word_1_214' title='bbox 225 2645 393 2726; x_wconf 73' lang='grc' dir='ltr'>συγγνόντες</span> <span class='ocrx_word' id='word_1_215' title='bbox 406 2646 518 2722; x_wconf 87' lang='grc' dir='ltr'>Πέρσαι</span> <span class='ocrx_word' id='word_1_216' title='bbox 531 2645 641 2724; x_wconf 77' lang='grc' dir='ltr'>οἴχοντο</span> <span class='ocrx_word' id='word_1_217' title='bbox 654 2644 835 2714; x_wconf 79' lang='grc' dir='ltr'>ἀποστάντες,</span> <span class='ocrx_word' id='word_1_218' title='bbox 849 2651 937 2706; x_wconf 82' lang='grc' dir='ltr'>ἑσσω-</span> 
     </span>
     <span class='ocr_line' id='line_1_31' title="bbox 139 2731 937 2814; baseline 0.001 -23"><span class='ocrx_word' id='word_1_219' title='bbox 139 2732 230 2795; x_wconf 87' lang='grc' dir='ltr'>θέντες</span> <span class='ocrx_word' id='word_1_220' title='bbox 253 2737 289 2812; x_wconf 75' lang='grc' dir='ltr'><strong><em>πῇ</em></strong></span> <span class='ocrx_word' id='word_1_221' title='bbox 315 2732 411 2814; x_wconf 76' lang='grc' dir='ltr'>γνώμη</span> <span class='ocrx_word' id='word_1_222' title='bbox 435 2731 506 2809; x_wconf 80' lang='grc' dir='ltr'>πρός</span> <span class='ocrx_word' id='word_1_223' title='bbox 528 2733 633 2808; x_wconf 87' lang='grc' dir='ltr'>Κύρου·</span> <span class='ocrx_word' id='word_1_224' title='bbox 660 2732 756 2812; x_wconf 80' lang='grc' dir='ltr'>ἄρχειν</span> <span class='ocrx_word' id='word_1_225' title='bbox 775 2760 807 2794; x_wconf 92' lang='grc' dir='ltr'>τε</span> <span class='ocrx_word' id='word_1_226' title='bbox 827 2735 937 2794; x_wconf 83' lang='grc' dir='ltr'>εἵλοντο</span> 
     </span>
     <span class='ocr_line' id='line_1_32' title="bbox 138 2818 937 2898; baseline 0.004 -21"><span class='ocrx_word' id='word_1_227' title='bbox 138 2819 249 2897; x_wconf 79' lang='grc' dir='ltr'>λυτρήν</span> <span class='ocrx_word' id='word_1_228' title='bbox 267 2822 402 2885; x_wconf 80' lang='grc' dir='ltr'>οἰκέοντες</span> <span class='ocrx_word' id='word_1_229' title='bbox 418 2825 539 2898; x_wconf 81' lang='grc' dir='ltr'>μᾶλλον,</span> <span class='ocrx_word' id='word_1_230' title='bbox 553 2818 572 2896; x_wconf 85' lang='grc' dir='ltr'>ἢ</span> <span class='ocrx_word' id='word_1_231' title='bbox 585 2821 701 2881; x_wconf 75' lang='grc' dir='ltr'>πεδιάδα</span> <span class='ocrx_word' id='word_1_232' title='bbox 713 2822 875 2898; x_wconf 89' lang='grc' dir='ltr'>σπείροντες</span> <span class='ocrx_word' id='word_1_233' title='bbox 887 2821 937 2880; x_wconf 83' lang='grc' dir='ltr'>άλ-</span> 
     </span>
     <span class='ocr_line' id='line_1_33' title="bbox 139 2908 380 2968; baseline 0.017 -4"><span class='ocrx_word' id='word_1_234' title='bbox 139 2910 218 2967; x_wconf 89' lang='grc' dir='ltr'>λοισι</span> <span class='ocrx_word' id='word_1_235' title='bbox 231 2908 380 2968; x_wconf 77' lang='grc' dir='ltr'>δουλεύειν.</span> 
     </span>
    </p>
   </div>
   <div class='ocr_carea' id='block_1_6' title="bbox 306 3117 818 3170">
    <p class='ocr_par' dir='ltr' id='par_1_7' title="bbox 306 3117 818 3170">
     <span class='ocr_line' id='line_1_34' title="bbox 306 3117 818 3170; baseline -0.006 0"><span class='ocrx_word' id='word_1_236' title='bbox 306 3121 479 3170; x_wconf 75' lang='grc' dir='ltr'><strong>ΗΡΟΔΟΤΟΤ</strong></span> <span class='ocrx_word' id='word_1_237' title='bbox 498 3120 665 3168; x_wconf 77' lang='grc' dir='ltr'>ἸΣΤΟΡΙΩΝ</span> <span class='ocrx_word' id='word_1_238' title='bbox 688 3117 818 3167; x_wconf 68' lang='lat' dir='ltr'>mm</span> 
     </span>
    </p>
   </div>
   <div class='ocr_carea' id='block_1_7' title="bbox 0 0 1142 3534">
    <p class='ocr_par' dir='ltr' id='par_1_8' title="bbox 0 0 1142 3534">
     <span class='ocr_line' id='line_1_35' title="bbox 0 0 1142 3534; baseline 0 0"><span class='ocrx_word' id='word_1_239' title='bbox 0 0 1142 3534; x_wconf 95' lang='lat' dir='ltr'> </span> 
     </span>
    </p>
   </div>
  </div>
 </body>
</html>
