2268 3536
183 148 201 191 υ
483 146 668 192 Ἠνοιουοι
936 142 982 207 [ν.
1015 130 1018 137 ’

147 223 166 278 3
221 220 347 295 Θρηίκων
361 220 390 278 δὲ
407 221 484 283 ἔθνος
502 221 638 301 μέγιστόν
655 227 724 288 ἐστι,
739 221 811 297 μετά
826 247 859 302 γε
872 219 983 291 Ἰνδοῦς,

180 305 291 366 πάντων
304 307 466 384 ἀνθρώπων·
488 315 512 370 εἰ
528 310 557 368 δὲ
570 309 616 368 ὕπ’
631 308 690 370 ἑνός
707 307 823 387 άρχοιτο
837 307 855 385 ἢ
870 311 984 387 φρονέοι

181 394 252 454 κατά
269 394 367 466 τωῦτό,
381 397 492 476 άμαχόν
508 398 532 457 τ’
546 396 580 458 ἂν
597 399 638 472 εἴη
656 399 701 455 καὶ
720 401 821 476 πολλῷ
834 397 984 473 κράτιστον

181 483 291 544 πάντων
312 486 419 555 ἐθνέων,
438 486 508 545 κατά
525 486 638 567 γνάμην
658 485 710 560 την
731 484 808 562 ἐμήν·
831 485 908 546 άλλά
929 487 984 570 γάρ
1043 507 1045 514 “

180 576 262 632 τοῦτο
280 573 386 655 ᾅπορόν
401 580 457 650 σφι
473 575 519 633 καὶ
536 574 682 654 άμήχανον
695 574 735 651 μή
749 601 813 634 κοτε
830 576 983 656 ἐγγένηται,

181 662 236 721 εἶσὶ
255 662 289 738 δη
311 663 380 722 κατά
398 667 481 723 τοῦτο
499 663 636 726 α’σθενέες.
674 663 815 740 οῦνόματα
836 664 866 723 δέ
886 665 984 724 πολλά

180 752 277 829 έχουσι
294 751 365 811 κατά
378 752 470 830 χώρας
485 751 607 812 ἕκαστοι·
630 751 743 828 νόμοισι
760 752 790 811 δὲ
804 749 881 812 οῦτοι
895 781 983 832 παρα-

178 839 331 913 πλησίοισι
341 838 442 902 πάντες
452 841 586 918 χρέωνται
598 839 668 898 κατά
678 841 778 910 πάντα,
790 841 867 916 πλὴν
878 843 983 903 Γετέων

180 927 229 984 καῖ
239 931 375 1004 Τραυσῶν
389 927 435 986 καὶ
451 933 505 988 τῶν
520 929 673 1005 κατύπερθε
691 930 899 1006 Κρηστωναίων
913 935 982 991 οἶκε-

145 1012 272 1076 4όντων.
313 1015 423 1076 Τούτων
444 1017 473 1076 δὲ
493 1017 528 1077 τό
549 1020 601 1092 μὲν
621 1019 704 1076 Γέται
726 1021 752 1075 οἶ
773 1016 983 1089 ἀθανατίζοντες

178 1107 299 1174 ποιεῦσι,
311 1105 419 1180 εἴρηταί
429 1130 489 1182 μοι.
517 1106 642 1182 Τραυσοὶ
653 1105 682 1164 δὲ
691 1107 726 1164 τοὶ
740 1108 792 1183 μὲν
803 1104 880 1165 ἅλλα
890 1106 982 1169 πάντα

171 1191 249 1259 κατά
264 1191 353 1254 ταῦτά
368 1197 444 1254 τοῖσι
463 1193 582 1254 όλλοισι
600 1195 688 1272 Θρῃξὶ
708 1195 893 1265 ἐπιτελέουσι,
906 1189 981 1255 κατά

177 1279 208 1340 δὲ
234 1280 285 1343 τόν
310 1281 457 1364 γινόμενόν
483 1290 539 1359 σφι
566 1284 611 1342 καὶ
639 1283 842 1365 ἀπογινόμενον
869 1285 980 1344 ποιεῦσι

177 1370 280 1432 τοιάδε·
304 1371 353 1432 τόν
374 1375 425 1449 μὲν
445 1373 594 1453 γενόμενον
616 1373 802 1449 περιῖζόμενοι
824 1375 851 1430 οἱ
871 1371 979 1448 προσή-

172 1471 270 1522 κοντες
294 1458 492 1536 όλοφῦρονται,
517 1461 573 1518 ὅσα
596 1487 644 1534 μιν
668 1460 710 1516 δεῖ
733 1460 796 1517 ἐπεί
815 1483 846 1516 τε
870 1459 980 1538 ἐγένετο

176 1544 341 1620 άναπλῆσαι
359 1547 438 1615 κακά,
454 1546 635 1627 ἀνηγεόμενοι
655 1545 690 1602 τά
712 1543 872 1620 ἀνθρωπήϊα
887 1544 979 1606 πάντα

176 1632 277 1700 πάθεα·
291 1633 341 1694 τόν
351 1633 373 1692 δ’
382 1632 588 1714 α’πογενόμενον
598 1633 742 1702 παίζοντές
751 1659 782 1691 τε
793 1633 838 1690 καὶ
849 1631 979 1711 ἡδόμενοι

170 1724 214 1800 γῇ
232 1720 393 1797 κρύπτουσι,
408 1722 584 1802 ἐπιλέγοντες
600 1720 675 1780 ὅσων
694 1725 783 1780 κακῶν
800 1720 979 1803 ἐξαπαλλαχ-

141 1808 232 1874 5θεὶς
255 1810 316 1869 ἔστι
340 1815 369 1868 ἐν
392 1810 471 1888 πάσῃ
496 1809 665 1888 εὐδαιμονίη.
708 1813 745 1868 Οἳ
769 1809 798 1868 δὲ
824 1809 979 1888 κατύπερθε

175 1898 383 1973 Κρηστωναίων
396 1902 508 1958 ποιεῦσι
523 1898 624 1956 τοιάδε·
647 1901 703 1976 ἔχει
715 1901 847 1978 γυναῖκας
861 1899 992 1964 ἕκαστοςΙ

176 1984 296 2048 πολλάς·
316 1986 399 2044 ἐπεάν
409 1985 446 2045 ὦν
458 2013 501 2048 τις
515 1986 604 2046 αὐτῶν
615 1985 751 2065 ἀποθάνῃ,
768 1987 859 2064 κρίσις
872 1988 979 2068 γίνεται

175 2073 287 2154 μεγάλη
307 2078 362 2132 τῶν
382 2078 519 2154 γυναικῶν
540 2075 585 2134 καὶ
607 2076 698 2150 φίλων
720 2076 842 2135 σπουδαὶ
863 2079 978 2156 ἰσχυραὶ

175 2161 240 2238 περὶ
256 2162 344 2233 τοῦδε,
359 2161 420 2238 ἥτις
439 2163 542 2223 αῦτέων
561 2165 691 2240 ἐφιλέετο
708 2163 836 2241 μάλιστα
852 2165 906 2226 ῦπό
927 2171 978 2226 τοῦ

174 2250 282 2328 οἶνδρός·
302 2251 322 2328 ἢ
342 2251 366 2312 δ’
386 2249 421 2312 ἂν
442 2253 523 2332 κριθῇ
544 2253 590 2311 καὶ
613 2255 726 2332 τιμηθῇ,
751 2255 978 2334 ἐγκωμιασθεῖσα

173 2337 229 2402 ῦπό
245 2365 275 2399 τε
291 2341 399 2417 α’νδριῦν
413 2342 458 2400 καὶ
471 2345 606 2421 γυναικῶν
618 2341 760 2417 σφάζεται
775 2347 802 2404 ἐς
816 2341 867 2402 τόν
884 2342 978 2419 τάφον

173 2425 229 2488 ῦπδ
244 2433 296 2487 τοῦ
310 2427 484 2503 οἶκηῖοτάτου
501 2433 608 2505 ἑωυτῆς,
624 2433 792 2510 σφαχθεῖσα
806 2431 836 2490 δέ
852 2431 976 2491 συνθάπ-

173 2538 250 2580 τεται
275 2521 314 2594 τῷ
337 2515 424 2594 ἀνδρί·
452 2521 481 2579 αἱ
507 2518 537 2576 δὲ
560 2518 647 2578 άλλαι
673 2519 826 2596 συμφορήν
848 2518 978 2599 μεγάλην

173 2607 324 2664 ποιεῦνται·
346 2602 449 2669 ὄνειδος
461 2606 517 2688 ,γάρ
532 2614 588 2682 σφι
601 2613 684 2667 τοῦτο
698 2609 834 2686 μέγιστον
847 2607 962 2686 γίνεται.

140 2693 157 2749 6
213 2696 274 2752 Τῶν
290 2693 320 2752 δέ
336 2692 370 2770 δὴ
384 2692 480 2754 άλλων
494 2696 619 2772 Θρηίκων
633 2697 694 2754 ἐστὶ
711 2693 758 2753 ὅδε
774 2693 790 2752 ό
806 2692 900 2768 νόμος·
921 2719 976 2754 πω-

172 2783 256 2844 λεῦσι
275 2780 311 2840 τά
328 2783 411 2842 τέκνα
431 2782 472 2842 ἐπ’
490 2782 698 2864 ἐξαγαηνῇ·,τάς
719 2782 748 2840 δὲ
768 2780 923 2856 παρθένους
943 2782 977 2842 οῦ

173 2869 360 2944 φυλάσσουσι
374 2870 439 2930 ἀλλ’
451 2876 518 2931 ε’ῶσι
530 2871 588 2930 οἶσι
598 2870 678 2929 αὐτοὶ
691 2869 847 2946 βούλονται
857 2868 975 2948 άνδράσι

171 2957 336 3039 μίσγεσθαι,
357 2959 407 3022 τοὶς
428 2958 457 3018 δὲ
477 2963 609 3040 γυναῖκας
635 2962 754 3036 ἰσχυρῶς
777 2957 975 3033 φυλάσσουσι·

172 3046 218 3106 καὶ
229 3045 357 3113 ὠνέονται
366 3047 416 3111 τάς
425 3052 557 3128 γυναῖκας
564 3047 641 3122 παρά
651 3051 705 3104 τῶν
713 3048 816 3128 γονέων
823 3047 976 3126 χρημάτων

171 3134 311 3216 μεγάλων·
333 3136 379 3193 καὶ
398 3135 431 3195 τό
451 3137 502 3211 μέν
522 3135 651 3212 ἐστίχθαι
671 3135 778 3215 εῦγενὲς
797 3137 928 3214 κέκριται,
941 3135 975 3196 τό

175 3221 198 3280 δ’
207 3221 344 3286 ,ἄστικτον
363 3222 483 3303 ἀγεννές·
506 3221 593 3303 ἀργόν
609 3222 678 3282 εἶναι
697 3223 861 3294 κάλλιστον,
876 3249 931 3304 γης.
943 3223 976 3283 δὲ

172 3308 299 3389 ἐργάτην,
314 3309 491 3386 ἀτιμότατον·
510 3311 543 3369 τό
558 3312 607 3389 ζῇν
621 3311 676 3372 άπό
691 3315 818 3385 πολέμου
833 3313 879 3371 καὶ
892 3315 981 3387 ληῗσι
