2278 3538
141 166 283 230 177-183]
447 165 631 214 ΠΟΛΤΜΝῙΑ.
897 164 943 211 195

140 249 202 309 νέες
217 249 290 322 τρεῖς
302 243 473 320 Ἑλληνίδες,
488 244 636 321 Τροιζηνίη
649 267 680 302 τε
697 243 743 300 καὶ
756 242 885 322 Αἰγιναίη
899 241 945 300 καὶ

139 332 267 410 Ἀττική·
287 332 447 410 προϊδόντες
466 333 495 390 δέ
515 329 591 390 οὗτοι
608 330 659 392 τάς
679 331 742 392 νέας
761 333 816 388 τῶν
831 329 943 406 βαρβά·

139 449 204 498 ρων,
224 427 251 484 ἐς
270 419 364 502 φυγὴν
383 419 525 497 ῶρμησαν·
553 418 611 494 Τὴν
628 421 680 495 μὲν
698 417 731 492 δὴ
751 419 920 494 Τροιζηνίην,
935 419 992 476 180

139 515 191 585 τῆς
203 509 273 588 ἦρχε
290 509 440 584 Πρηξῖνος,
456 507 554 568 αὐτίκα
573 508 699 584 αἱρέουσι
717 506 900 581 ἐπισπόμενοι
919 509 945 564 οἱ

140 597 297 674 βάρβαροι·
333 597 379 654 καὶ
407 597 501 654 ἔπειτα
527 601 582 655 τῶν
609 594 765 671 ἐπιβατέων
789 592 873 669 αὐτῆς
895 594 944 652 τόν

141 685 365 743 καλλιστεύοντα
383 683 534 764 α’γαγόντες
552 683 597 742 ἐπὶ
617 686 667 758 τῆς
682 681 793 759 πρώρης
810 685 860 758 τῆς
881 681 945 757 νηός

141 773 276 848 ἔσφαξαν,
294 771 429 841 διαδέξιον
442 770 601 846 ποιεύμενοι
618 771 668 830 τόν
682 771 760 830 εἶλον
773 774 828 830 τῶν
841 768 944 845 Ἑλλὴ-

140 886 195 919 νων
214 864 325 936 πρῶτον
349 860 395 918 καὶ
422 859 587 918 κάλλιστον·
628 861 667 936 τῶ
686 858 715 917 δὲ
735 859 944 939 σφαγιασθέντι

140 948 230 1026 τούτῳ
244 947 350 1023 οὔνομα
363 947 398 1023 ἦν
412 948 498 1006 Λέων·
519 947 593 1025 τάχα
607 946 629 1004 δ’
644 945 678 1005 ἄν
695 973 722 1005 τι
742 947 850 1006 καὶτοῦ
868 945 943 1005 ούνό-

140 1061 229 1111 ματος
243 1035 399 1112 ἐπαύροιτο·
433 1035 470 1093 Ἡ
487 1035 516 1094 δέ
531 1036 668 1115 Αἰγιναίη,
682 1037 733 1109 ἧς
747 1032 922 1112 ἐτριηράρχεε
934 1035 987 1091 181

139 1124 301 1200 Ἀσωνίδης,
320 1125 368 1183 καί
385 1123 447 1183 τινά
467 1129 524 1199 σφι
545 1123 668 1200 θόρυβον
688 1123 822 1200 παρέσχε,
845 1122 944 1181 Πυθέω

140 1215 192 1271 τοῦ
212 1211 357 1291 Ἰσχενόου
381 1211 597 1288 ἐπιβατεύοντος
612 1209 710 1286 ἀνδρός
728 1209 845 1285 ἀρίστου
866 1235 943 1290 γενο-

140 1301 226 1376 μένου
239 1301 341 1375 ταύτην
353 1299 405 1375 τὴν
415 1300 530 1376 ἡμέρην·
546 1299 576 1362 ὃς
587 1298 680 1373 ἐπειδὴ
691 1297 709 1372 ἡ
720 1302 786 1359 ναῦς
795 1297 941 1372 ἡλίσκετο,

141 1393 170 1451 ἐς
189 1393 273 1449 τοῦτο
293 1389 403 1467 άντεῖχε
423 1388 591 1467 μαχόμενος,
615 1392 641 1450 ἐς
665 1386 681 1446 δ
705 1385 943 1466 κατεκρεουργήθη

142 1475 223 1540 ἅπας·
245 1477 279 1540 ῶς
293 1477 322 1535 δὲ
335 1477 431 1536 πεσῶν
444 1476 494 1536 ούκ
509 1475 630 1536 α’πέθανε
648 1474 713 1534 ἀλλ’
727 1473 761 1550 ἧν
775 1475 901 1550 ἔμπνοος,
916 1477 942 1532 οἱ

143 1565 262 1641 Πέρσαι,
280 1566 359 1642 οἵπερ
379 1563 549 1640 ἐπεβάτευον
566 1565 612 1623 ἐπὶ
629 1567 684 1623 τῶν
701 1567 775 1632 νεῶν,
795 1561 829 1622 δι’
843 1562 943 1639 άρετὴν

141 1653 193 1727 τὴν
213 1655 316 1712 ἐκείνου
337 1653 523 1730 περιποιῆσαί
540 1679 588 1729 μιν
608 1652 672 1728 περὶ
692 1652 829 1710 πλείστου
850 1650 942 1727 ἐποιή-

142 1767 238 1811 σαντο,
260 1742 404 1821 σμύρνησί
418 1767 448 1800 τε
470 1741 579 1818 ἰώμενοι
596 1740 632 1800 τά
651 1741 733 1800 ἐλκεα
754 1741 799 1798 καὶ
816 1740 943 1802 σινδόνος

141 1831 283 1906 βυσσίνης
309 1834 454 1907 τελαμῶσι
483 1830 717 1890 κατειλίσσοντες·
753 1829 801 1888 καί
825 1854 881 1904 μιν,
908 1828 943 1891 ῶς

142 1916 233 1977 όπίσω
254 1918 386 1977 ἀπίκοντο
403 1924 430 1980 ἐς
449 1918 482 1977 τό
501 1921 606 1976 ἑωυτῶν
623 1916 822 1992 στρατόπεδον,
842 1917 942 1976 ἐπεδεί-

143 2031 247 2065 κνυσαν
281 2006 500 2086 ἐκπαγλεόμενοι
530 2005 610 2083 πάοη
636 2007 671 2082 τῇ
698 2008 826 2081 στρατιῇ,
853 2006 942 2081 περιέ-

142 2119 240 2158 ποντες
260 2101 300 2153 εὖ·
320 2095 385 2156 τούς
404 2094 434 2152 δέ
455 2093 561 2156 ἄλλους
580 2093 645 2155 τούς
666 2093 773 2167 ἔλαβον
794 2097 822 2150 ἐν
841 2095 877 2169 τὴ
898 2093 943 2167 νηὶ·

141 2182 229 2260 ταύτῃ
241 2185 385 2259 περιεῖπον
396 2181 431 2242 ῶς
444 2180 612 2258 ἀνδράποδα.
648 2182 685 2238 Αἱ
697 2181 749 2254 μέν
762 2179 796 2253 δὴ
807 2177 855 2236 δύο
868 2182 922 2238 τῶν
933 2182 988 2237 182

142 2273 210 2328 νεῶν
222 2269 293 2329 ούτω
307 2269 506 2347 ἐχειρώθησαν·
526 2267 588 2344 ἡδὲ
601 2266 687 2343 τρίτη,
701 2270 751 2341 τῆς
765 2264 942 2344 ἐτριηράρχεε

143 2355 260 2433 Φόρμος,
278 2356 347 2433 άνὴρ
361 2356 516 2432 Ἀθηναῖος,
532 2355 678 2435 φεύγουσα
695 2353 838 2422 ἐξοκέλλει
854 2358 881 2416 ἐς
892 2353 942 2417 τάς

142 2445 268 2520 ἐσβολάς
281 2449 331 2504 τοῦ
346 2448 478 2520 Πηνειοῦ·
500 2444 545 2502 καὶ
558 2447 607 2502 τοῦ
620 2446 672 2518 μὲν
688 2441 813 2517 σκάφεος
830 2441 941 2519 ἐκράτη-

141 2558 197 2591 σαν
216 2536 242 2592 oz
260 2533 407 2610 βάρβαροι
420 2537 475 2592 τῶν
495 2533 525 2590 δέ
538 2531 644 2607 α’νδρῶν
658 2530 700 2590 ού·
723 2530 757 2593 ῶς
773 2531 827 2611 γάρ
842 2531 876 2607 δὴ
894 2532 941 2592 τά·

140 2645 227 2698 χιστα
241 2621 394 2680 ἐπώκειλαν
410 2620 462 2696 τὴν
475 2621 523 2680 νέα
540 2622 567 2678 οἱ
580 2619 730 2695 Ἀθηναῖοι,
746 2619 938 2696 ἀποθορόντες,

141 2707 211 2767 κατά
229 2709 394 2784 Θεσσαλίην
412 2707 593 2785 πορευόμενοι
610 2708 803 2783 ἐκομίσθησαν
820 2713 847 2770 ἐς
859 2708 940 2784 Ἀθὴ·

140 2821 197 2858 νας.
239 2801 327 2856 ταῦτα
341 2799 368 2855 οἱ
381 2796 521 2872 Ἓλληνες
535 2799 571 2854 οί
581 2795 622 2854 ἐπ’
636 2795 804 2874 Ἀρτεμισίῳ
823 2823 940 2873 στρατο-

139 2883 316 2960 πεδευόμενοι
331 2885 516 2944 πυνθάνονται
533 2884 609 2959 παρά
630 2888 746 2961 πυρσῶν
765 2887 795 2942 ἐκ
809 2884 940 2948 Σκιάθου·

139 2971 290 3047 πυθόμενοι
311 2973 340 3031 δέ
359 2974 404 3031 καὶ
426 2971 695 3048 καταρρωδήσαντες,
710 2971 765 3032 α’πδ
783 2976 833 3030 τοῦ
846 2970 940 3048 Ἀρτε-

138 3060 235 3135 μισίου
258 3061 462 3137 μετωρμίζοντο
486 3065 514 3122 ἐς
537 3060 675 3128 Χαλκίδα,
697 3057 870 3134 φυλάξοντες
890 3062 941 3135 μὲν

138 3146 187 3205 τόν
214 3147 345 3224 Εὔριπον,
368 3148 512 3210 λείποντες
532 3148 562 3205 δέ
585 3145 799 3224 ἡμεροσκόπους
821 3146 886 3222 περὶ
905 3146 940 3204 τά

138 3233 235 3310 ύψηλά
250 3239 300 3308 τῆς
313 3233 444 3308 Εὐβοίης.
481 3239 543 3293 Τῶν
560 3235 590 3292 δὲ
606 3235 672 3292 δέκα
693 3237 760 3292 νεῶν
779 3235 834 3292 τῶν
850 3234 921 3310 βαρ-
932 3235 988 3294 183

137 3319 235 3396 βάρων
250 3324 325 3397 τρεῖς
343 3321 487 3382 ἐπέλασαν
504 3322 569 3398 περὶ
587 3320 621 3380 τά
641 3321 712 3396 ἐρμα
730 3320 763 3379 τό
777 3345 849 3394 μετα
874 3319 942 3380 *e’dv

1066 3225 1124 3502 η
