2278 3538
178 182 226 228 ιιι
485 179 667 229 Ἦοοιοτοα
887 169 975 242 [vm.

177 258 267 317 ε’θέλει
280 257 344 318 οὐδὲ
357 258 374 320 ό
387 259 450 322 θεός
462 261 653 338 προσχωρέειν
662 258 734 336 πρδς
742 258 793 322 τάς
802 257 977 334 ἀνθρωπηίας

129 345 164 403 61
176 344 296 423 γνώμας.
338 351 432 406 Ταῦτα
455 348 586 429 λέγοντος
608 346 838 422 Θεμιστοκλέους,
863 345 940 409 αὖτις
963 347 979 406 6

177 435 326 511 Κορίνθιος
340 435 519 512 Ἀδείμαντος
538 435 697 511 ἐπεφέρετο,
712 437 797 514 σιγᾶν
812 427 849 493 τέ
862 434 980 494 κελεύων

176 525 215 601 τῷ
233 523 274 600 μή
295 529 356 583 ἔστι
376 525 475 600 πατρὶς
492 523 538 582 καὶ
555 520 734 600 Εὐρυβιάδεα
750 521 800 581 οόκ
816 527 868 582 ε’ῶν
881 527 979 599 ε’πιψη-

178 611 268 686 φίζειν
292 611 378 672 ἀπόλι
397 610 485 687 ἀνδρί·
516 611 600 671 πόλιν
626 610 681 719 γὰρ
708 610 758 670 τόν
784 612 980 685 Θεμιστοκλέα

180 699 380 810 παρεχόμενον,
400 698 470 758 οὕτω
488 699 597 758 ε’κέλευε
614 699 726 780 γνιόμας
743 697 977 776 συμβόλλεσθαι·

178 812 267 846 ταυτα
287 788 364 846 δέ’
338 813 364 846 οι
384 785 569 864 προέφερε,
553 813 596 846 οτι
612 786 760 862 ἡλώκεσάν
775 811 806 845 τε
823 787 869 844 καὶ
890 812 978 846 κατει-

175 898 262 952 χοντο
279 878 308 933 αἱ
322 873 448 949 Ἀθῆναι.
488 873 552 934 τότε
570 874 640 950 δή
624 902 639 933 ο
658 875 866 951 Θεμιστοκλέης
890 874 978 934 κεῖνόν

177 987 208 1020 τε
232 961 279 1020 καὶ
298 961 363 1025 τούς
380 963 545 1039 Κορινθίους
563 960 661 1021 πολλά
678 987 709 1022 τε
732 963 777 1020 καὶ
799 961 870 1020 κακοὶ
889 963 977 1043 ἔλεγε·

177 1051 307 1110 ἕωυτοῖσί
320 1077 352 1110 τε
368 1050 470 1125 ἐδήλου
487 1050 564 1131 λόγῳ
581 1050 616 1113 ιός
633 1051 675 1126 εἴη
694 1051 739 1108 καὶ
759 1049 844 1112 πόλις
871 1051 917 1108 καὶ
940 1054 978 1132 γῆ

177 1138 266 1214 μέζων
279 1137 351 1216 ἥπερ
362 1139 485 1207 κείνοισι,
500 1137 557 1197 ἔστ’
568 1135 603 1197 ἀν
613 1137 750 1212 διηκόσιαι
764 1138 828 1214 νῆές
841 1144 897 1213 σφι
911 1139 976 1198 ἔωσι

178 1229 402 1304 πεπληρωμέναι·
424 1225 560 1301 οὐδαμοός
577 1225 632 1306 γάρ
644 1225 787 1301 Ἑλλήνων
805 1224 904 1290 αότοός
921 1231 977 1285 έπι·

131 1315 169 1373 62
178 1313 259 1378 όντας
271 1314 510 1392 ἀποκρούσεσθαι.
546 1314 692 1390 Σημαίνων
706 1313 735 1371 δὲ
748 1317 843 1386 ταῦτα,
854 1313 978 1395 τῷλόγῳ

178 1402 335 1478 διεβαινεες
344 1402 522 1481 Εὐρυβιάδεα
534 1403 623 1483 λέγων
630 1405 745 1478 μᾶλλον
752 1403 976 1478 ἐπεστραμμένα·

179 1500 196 1526 “
205 1490 242 1549 σύ
254 1496 277 1550 εἰ
286 1493 390 1568 μενέεις
398 1489 490 1559 αὐτοῦ,
500 1517 545 1550 και
535 1490 644 1565 μένων
655 1491 732 1548 ἔσεαι
740 1488 810 1565 ἀνήρ
820 1488 977 1598 ἀγαθός’-

179 1603 203 1636 ει
195 1578 307 1636 ’δε
267 1604 316 1655 μη,
328 1578 492 1656 ἀνατρέψεις
504 1578 557 1653 τήν
569 1576 705 1636 Ελλάδα·
725 1577 759 1636 τό
773 1581 829 1636 πᾶν
841 1576 896 1657 γάρ
910 1577 977 1653 ἡμῖν

177 1691 227 1724 που
215 1667 368 1742 πολέμου
386 1667 546 1772 φέρρυσι“
519 1692 547 1723 αι
561 1670 632 1740 νῆες.
674 1665 766 1725 ἀλλ”
754 1691 815 1741 εμοι
805 1665 931 1725 πείθεο·
954 1671 977 1725 εί

178 1753 308 1813 δὲταῦτα
325 1752 366 1828 μή
382 1753 517 1865 πριήσεις,
531 1753 610 1830 ἡμεῖς
627 1756 687 1830 μὲν,
702 1753 737 1816 τός
751 1755 858 1832 ἔχομεν,
873 1752 976 1812 ἀναλα

178 1841 279 1914 βόντες
299 1868 364 1904 τους
386 1842 499 1914 οἰκέτας,
523 1839 727 1920 κομιεύμεθα’
715 1867 742 1905 ες
769 1842 848 1918 Σίριν
873 1841 925 1916 πὴν
948 1847 978 1900 έν

176 1928 323 2008 Ἰταλίῃ,
305 1955 376 2006 ηπερ
379 1928 510 2040 ἡμετέρη
523 1930 555 1989 τέ
568 1935 629 1988 ἔστι
643 1935 672 1988 έκ
686 1931 836 1988 παλαιοῦ’Ι
823 1955 869 2002 ετι,
883 1929 928 1986 καὶ
941 1930 977 1988 τά

182 2017 267 2100 λόγια
281 2018 387 2100 λέγει’
371 2045 409 2078 υπ
429 2017 522 2094 ἡμέων
540 2017 626 2093 αότήν
639 2017 709 2076 δέειν
723 2016 915 2091 κτισθῆναι·ε
899 2020 977 2093 υμεῖς

177 2107 206 2165 δὲ
222 2107 378 2186 ουμμάχων
393 2107 505 2166 τοιῶνδε
524 2106 709 2182 μουνωθέντες
725 2103 907 2180 μεμνήσεσθε
922 2107 978 2164 τῶν

130 2196 192 2254 63
178 2221 252 2270 εμων
278 2193 395 2276 λόγων.”
436 2198 530 2252 Ταῦτα
551 2194 580 2252 δὲ
604 2192 811 2269 Θεμιστοκλέος
837 2192 977 2272 λέγοντος,

177 2282 285 2342 ἀνεδιδ
268 2309 370 2342 ασκετο
384 2281 570 2359 Εὐρυβιάδης·
586 2281 690 2340 δοκέειν
703 2281 734 2339 δέ
745 2306 803 2358 μοι,
814 2279 978 2387 ἀρρωδήσας

176 2371 303 2446 μάλιστα
323 2370 388 2432 τοός
414 2369 577 2476 Ἀθηναίους
597 2368 800 2437 ἀνεδιδάσκετο,
822 2367 863 2476 μή
885 2367 979 2443 σφεας

177 2455 387 2532 ἀπολίπωσι,
370 2483 405 2534 ην
424 2456 493 2533 πράς
510 2456 561 2516 τόν
577 2455 731 2534 Ἰσθμάν’
713 2456 805 2537 ανάγη
827 2456 878 2518 τάς
901 2461 977 2532 νῆας

176 2545 371 2604 ἀπολιπόντων
389 2545 444 2625 γάρ
464 2543 625 2619 Ἀθηναίων,
648 2545 738 2604 οὐκέτι
759 2546 882 2626 ἐγίνοντο
903 2544 977 2614 ἀξιό-

178 2659 266 2711 μαχοι
286 2636 313 2691 οἱ
332 2629 438 2692 λοιποί·
462 2631 565 2708 ταύτην
585 2633 615 2691 δὲ
637 2633 758 2710 αἱρέεται
779 2632 831 2707 τήν
852 2631 975 2712 γνιόμην,

177 2720 262 2779 αὐτοῦ
274 2721 408 2797 μένοντας
421 2720 639 2800 διαναυμαχέειν.

129 2811 167 2869 64
211 2808 291 2869 Οὕτω
317 2811 368 2885 μὲν
395 2812 421 2868 οἱ
448 2810 511 2885 περὶ
542 2812 689 2886 Σαλαμῖνα
716 2809 796 2868 έπεσι
825 2807 978 2886 ἀκροβολι·

177 2898 303 2975 σάμενοι,
319 2899 421 2957 ἐπείτε
434 2895 597 2974 Εόρυβιάδῃ
611 2897 694 2966 ἔδοξε,
709 2897 793 2956 αὐτοῦ
807 2896 978 2972 παρεσκευά-

177 2988 257 3056 ζοντο
272 2985 307 3048 ιός
319 2985 555 3064 ναυμαχήσοντες·
576 2985 666 3060 ἡμέρη
683 3011 714 3044 τε
732 2986 845 3064 ἐγίνετο,
860 2986 906 3043 καὶ
918 2983 979 3060 ἅμα

176 3077 215 3151 τῷ
231 3073 302 3151 ἡλίῳ
318 3071 422 3131 ἀνιόντι
440 3071 558 3145 σεισμός
577 3073 685 3150 ἐγένετο
699 3074 728 3130 έν
739 3097 770 3130 τε
783 3075 818 3150 τῇ
831 3077 869 3152 γῇ
883 3073 928 3130 καὶ
942 3077 979 3150 τῇ

180 3159 323 3236 θαλάσσῃ·
352 3159 427 3226 ἔδοξε
443 3158 474 3215 δέ
491 3163 546 3229 σφι
566 3157 699 3226 εὔξασθαι
714 3161 791 3216 τοῖσι
812 3159 910 3228 θεοῖσι,
931 3159 978 3215 καὶ

179 3245 402 3303 ἐπικαλέσασθαι
415 3243 479 3304 τοός
493 3244 624 3306 Αἰακίδας
634 3244 809 3322 συμμάχους·
824 3243 860 3306 ιός
876 3245 907 3302 δέ
919 3251 977 3319 σφι

179 3329 263 3399 ἔδοξε,
281 3331 326 3388 καὶ
345 3332 453 3389 ε’τοίευν
466 3333 563 3388 ταῦτα·
585 3330 728 3407 ιόξάμενοι
740 3331 796 3410 γάρ
809 3335 881 3390 πᾶσι
899 3335 980 3390 τοῖσι
