2276 3538
166 147 303 211 ιιι-ιιι]
510 149 622 197 mm.
915 153 959 199 101

165 228 235 306 ἔχων
254 227 310 287 ἀπό
326 232 376 290 τοῦ
389 230 518 289 οἰκιστέω
530 234 581 305 τῆς
593 228 778 307 Χερσονήσου
791 229 961 290 Μιλτιάδεω·

164 313 356 398 [Μιλτιάδης]
399 317 489 380 Οὗτος
516 319 549 394 δή
578 317 615 378 ὧν
640 317 705 377 τότε
730 317 746 378 ό
773 317 937 394 Μιλτιάδης,
951 319 1009 378 104

163 402 236 478 ἥκων
258 409 288 462 ἐκ
308 409 359 480 τῆς
379 406 564 482 Χερσονήσου
586 407 631 465 καὶ
653 405 828 486 ἐκπεφευγὼς
845 405 962 466 διπλόον

165 491 292 562 θάνατον,
314 494 482 574 ἐστρατήγεε
504 494 665 570 Ἀθηναίων.
707 492 766 570 ἅμα
787 495 838 569 μὲν
860 493 915 568 γάρ
935 497 962 553 οἶ

164 579 288 644 Φοίνικες
308 579 392 641 αύτὸν
413 585 439 640 οἱ
460 579 649 651 ἐπιδιώξαντες
668 583 752 659 μέχρι
761 579 885 657 Ἴμβρου
898 582 961 658 περὶ

164 671 276 726 πολλοῦ
303 673 445 728 ε’ποιεῦντο
464 670 567 745 λαβεῖν
588 696 619 729 τε
644 669 690 728 καὶ
714 669 863 750 ἀναγαγεῖν
885 669 961 746 παρά

163 757 297 830 βασιλέα,
313 755 371 832 ἅμα
389 756 419 816 δὲ
439 761 596 839 ἐκφυγόντα
617 783 652 828 τεΙ
666 755 780 819 τούτους
799 757 845 814 καὶ
865 755 961 816 ἀπικό-

162 869 246 915 μενον
265 849 292 907 ές
311 843 362 920 τήν
381 849 489 914 ἑαυτοῦ,
504 846 634 904 δοκέοντά
646 871 678 904 τε
698 845 767 904 εἶναι
788 849 816 903 έν
830 846 960 924 σωτηρίη,

162 930 215 1006 ήδη
228 932 261 991 τό
276 933 401 992 ἐνθεῦτέν
413 959 462 1009 μιν
476 935 502 991 οἱ
517 934 612 1011 ε’χθροὶ
625 932 824 1008 ύποδεξάμενοι
841 933 887 992 καὶ
906 933 961 992 ύπό

163 1017 342 1097 δικαστήριον
352 1021 436 1080 αὐτόν
449 1019 608 1102 ἀγαγόντες,
618 1022 729 1091 ἐδίωξαν
742 1021 900 1098 τυραννίδος
912 1026 963 1096 τῆς

164 1112 192 1165 έν
205 1108 387 1186 Χερσονήσῳ·
410 1107 564 1189 ἀποφυγῶν
578 1109 608 1167 δὲ
622 1109 667 1167 καὶ
676 1108 791 1170 τούτους
804 1108 963 1189 στρατηγός

163 1193 234 1252 οὕτω
248 1193 401 1269 Ἀθηναίων
415 1195 563 1274 ἀπεδέχθη,
579 1198 695 1273 αἱρεθεὶς
708 1195 762 1255 ύπά
776 1200 826 1254 τοῦ
840 1195 938 1271 δήμου.

205 1282 263 1339 Καὶ
277 1286 373 1358 πρῶτα
386 1285 445 1358 μὲν,
460 1283 549 1346 ε’άντες
563 1285 602 1342 ἔτι
615 1288 644 1342 έν
656 1288 695 1362 τῷ
707 1281 797 1350 άστεῖ,
812 1286 838 1341 οἶ
854 1309 939 1360 στρα-
952 1287 1008 1344 1οδ

162 1370 243 1450 τηγοὶ
258 1368 460 1447 ἀποπέμπουσι
473 1376 500 1432 ές
514 1370 645 1448 Σπάρτην
658 1370 763 1447 κήρυκα
773 1371 961 1447 Φειδιππίδην,

114 1496 117 1501 -
162 1455 312 1532 Ἀθηναῖον
330 1462 382 1534 μὲν
396 1456 482 1535 ἀνδρα
499 1457 594 1522 ἄλλως
614 1460 644 1518 δὲ
663 1458 854 1537 ἡμεροδρόμον
872 1486 903 1519 τε
917 1461 962 1519 καὶ

162 1549 245 1604 τοῦτο
261 1550 430 1622 μελετῶντα·
451 1552 489 1626 τῷ
502 1547 544 1623 δή,
563 1547 599 1611 ἀς
616 1547 698 1611 αύτός
711 1574 742 1607 τε
759 1550 838 1628 ἔλεγε
851 1549 961 1608 Φειδιπ-

162 1633 243 1708 πιδης
254 1635 299 1691 καὶ
312 1633 488 1709 Ἀθηναίοισι
501 1634 673 1717 ἀπήγγελλε,
685 1639 748 1715 περὶ
761 1635 794 1696 τό
806 1637 961 1713 Παρθένιον

162 1719 243 1797 οὖρος
261 1721 293 1780 τό
313 1721 381 1798 ὑπὲρ
396 1724 498 1804 Τεγέης
519 1723 613 1784 όΠάν
634 1726 802 1801 περιπίπτει·
823 1724 960 1800 βώσαντα

180 1810 193 1865 ἒ
212 1809 244 1867 τδ
267 1809 371 1886 οὔνομα
391 1814 442 1869 τοῦ
459 1811 640 1870 Φειδιππίδεω
659 1812 708 1872 τόν
727 1816 818 1880 Πᾶνα,
832 1811 959 1888 Ἀθηναί-

164 1922 222 1955 οισι
250 1902 381 1957 κελεῦσαι
409 1897 578 1980 ἀπαγγεῖλαι
605 1900 674 1961 διότι
702 1903 801 1959 ἑωυτοῦ
831 1899 961 1976 ούδεμίαν

164 1987 323 2061 ε’πιμέλειαν
340 1991 481 2045 ποιεῦνται
499 1987 591 2050 ε’όντος
612 1988 690 2047 εὔνου
710 1987 893 2062 Ἀθηναίοισι,
915 1988 961 2046 καὶ

162 2077 298 2150 πολλαχῆ
316 2075 465 2154 γενομένου
485 2074 538 2150 ήδη
560 2076 647 2150 σφίσι
668 2073 867 2152 χρησίμου,τά
885 2073 907 2131 δ’
921 2075 961 2132 ἔτι

163 2161 209 2218 καὶ
230 2163 374 2237 ἐσομένου.
417 2163 463 2220 καὶ
478 2166 566 2221 ταῦτα
579 2165 631 2238 μὲν
643 2162 787 2236 Ἀθηναῖοι
807 2159 960 2220 καταστάν-

161 2273 216 2308 των
240 2251 327 2323 σφίσι
350 2249 380 2308 εὖ
402 2249 455 2324 ήδη
481 2253 536 2308 τῶν
562 2249 732 2329 πρηγμάτων
758 2246 958 2310 πιστεύσαντες

163 2335 233 2395 εἶναι
257 2336 371 2413 ἀληθέα,
398 2336 546 2414 ἱδρύσαντο
569 2335 623 2396 find
647 2339 683 2415 τῇ
707 2334 845 2412 ἀκροπόλι
864 2336 959 2398 Πανός

164 2423 222 2500 ἱρόν
244 2426 289 2482 καὶ
308 2424 393 2485 αὐτόν
414 2425 470 2484 ἀπό
492 2425 593 2500 ταύτης
613 2428 664 2500 τῆς
685 2422 817 2506 ἀγγελίης
841 2424 958 2503 θυσίῃσι

163 2515 302 2591 ἔπετείησι
320 2515 365 2572 καὶ
381 2513 509 2590 λαμπάδι
526 2512 699 2573 ἱλάσκονται.
734 2512 804 2572 Τότε
825 2512 854 2571 δὲ
872 2515 1007 2589 πεμ-106

162 2601 243 2674 φθεὶς
256 2601 310 2660 ύπὸ
324 2605 379 2661 τῶν
395 2606 559 2682 στρατηγῶν
576 2601 592 2661 ὁ
609 2601 788 2677 Φειδιππίδης
807 2599 895 2670 οὗτος,
914 2599 961 2661 ὅτε

161 2687 214 2764 πέρ
228 2692 255 2747 οἷ
269 2689 324 2764 ἔφη
339 2691 385 2748 καὶ
397 2689 447 2748 τόν
460 2695 544 2749 Πᾶνα
558 2694 687 2766 φανῆναι,
699 2690 853 2766 δευτεραῖος
867 2695 897 2748 ἐκ
909 2693 960 2748 τοῦ

161 2771 314 2851 Ἀθηναίων
334 2775 435 2840 ἄστεος
452 2777 487 2853 ἢν
505 2783 534 2837 ε’ν
547 2778 672 2857 Σπάρτη·
693 2777 901 2855 ἀπικόμενοςδέ
915 2779 959 2836 ε’πὶ

160 2861 225 2925 τούς
246 2862 384 2943 άρχοντας
405 2866 493 2946 ἔλεγε·
515 2865 562 2924 “ὦ
578 2865 799 2943 Λακεδαιμόνιοι,
816 2864 959 2940 Ἀθηναῖοι

161 2947 250 3026 ύμέων
278 2952 389 3012 δέονταί
411 2959 499 3028 σφισι
521 2954 668 3030 βοηθῆσαι
692 2954 737 3013 καὶ
760 2953 800 3030 μή
826 2953 957 3029 περιϊδεῖν

161 3038 247 3098 πόλιν
276 3039 463 3120 ἀρχαιοτάτην
492 3047 522 3103 ἓν
552 3045 628 3102 τοῖσι
649 3041 777 3117 Ἕλλησι
803 3039 959 3116 δουλοσύνῃ

161 3133 371 3202 περιπεσοῦσαν
383 3128 453 3206 πρός
466 3129 571 3207 ἀνδρῶν
584 3129 749 3207 βαρβάρων·
771 3128 816 3187 καὶ
835 3126 891 3206 γάρ
912 3129 960 3185 νῦν

161 3211 289 3290 Ἐρέτριά
302 3241 333 3274 τε
345 3216 572 3293 ήνδραπόδισται,
587 3219 632 3277 καὶ
652 3217 721 3276 πόλι
739 3215 844 3294 λογίμη
863 3213 959 3287 ήἙλ-

162 3301 214 3363 λάς
232 3303 331 3383 γέγονε
348 3303 563 3383 άσθενεστέρη.”
603 3305 619 3364 ό
636 3307 687 3381 μὲν
707 3303 742 3378 δή
762 3308 818 3376 σφι
835 3300 871 3359 τά
889 3306 959 3359 ε’ντε-

215 3393 266 3436 -9
