2268 3536
132 185 240 250 46-49]
431 185 634 234 ΤΕΡΨῙΧΟΡΗ.
904 183 933 230 21

130 263 253 344 ταγόρης
267 264 345 344 ἔλεγε
358 261 430 340 πρός
442 263 527 326 αύτὸν
539 262 615 322 τόδε·
636 273 654 299 “
663 262 831 341 Κλεόμενες,
846 286 934 322 σπου-

130 351 182 428 δήν
194 354 246 428 μὲν
258 351 309 427 τήν
328 355 398 428 ε’μήν
410 351 450 428 μή
465 351 598 430 θωμάσῃς
611 356 662 428 τῆς
678 352 795 412 ἐνθαῦτα
815 350 933 421 ἀπίξιος·

130 439 166 500 πᾶ
192 439 255 521 γὰρ,
272 439 427 515 κατήκοντιί
452 446 514 500 ε’στι
536 445 661 500 τοιαῦτα.
710 439 807 499 Ἰώνων
834 438 935 502 παῖδας

130 527 248 591 δούλους
269 529 338 588 εἶναι
358 527 416 588 ἀντ’
431 529 582 606 ἐλευθέρων
598 527 701 590 ὄνειδος
717 529 762 586 καὶ
782 526 868 607 ἄλγος
886 527 934 602 μέ-

129 641 232 696 γιστον
251 619 303 692 μὲν
324 616 436 676 αὐτοῖσι
456 617 531 693 ἡμῖν,
554 619 593 676 ἔτι
614 616 643 676 δὲ
663 619 718 675 τῶν
736 619 843 674 λοιπῶν
860 613 933 690 ύμῖν,

130 702 198 782 όσιρ
210 705 369 781 προέστατε
389 709 439 780 τῆς
459 704 605 767 Ἑλλάδος.
650 707 698 764 νῦν
715 701 759 774 ὧν,
777 702 847 779 πρός
864 703 934 762 θεῶν

129 795 185 850 τῶν
210 791 373 868 Ἑλληνίων,
401 791 530 870 ρύσασε
558 791 655 856 Ἴωνας
690 786 720 850 ἔκ
754 791 934 865 δουλοσύνης,

130 877 232 958 ἄνδρας
249 880 413 958 ὁμαίμονας.
456 881 588 944 εύπετέως
609 881 638 940 δὲ
653 880 719 957 ύμῖν
734 883 823 940 ταῦτα
839 877 885 938 οἶαί
902 904 934 937 τε

130 969 243 1045 χωρέειν
261 971 332 1028 ἐστι’·
362 969 498 1050 οὔτεγὰρ
518 973 544 1028 οἱ
564 969 711 1047 βάρβαροι
732 967 850 1045 ι’ίλκιμοί
869 971 933 1037 εἰσι,

130 1054 208 1130 ὑμεῖς
223 1083 253 1116 τε
269 1057 305 1116 τό
323 1062 351 1119 ε’ς
369 1057 419 1117 τόν
435 1057 561 1133 πόλεμον
578 1063 604 1120 ἐς
623 1057 659 1116 τοὶ
677 1057 800 1136 μέγιστα
819 1055 934 1131 ἀνήκετε

132 1141 232 1216 ἀρετῆς
244 1145 317 1220 πέρι·
338 1144 400 1220 ήτε
413 1145 492 1224 μα’χη
506 1145 596 1204 αύτῶν
611 1145 672 1204 ε’στὶ
688 1143 789 1219 τοιήδε,
804 1143 873 1213 τόξα
887 1143 933 1201 καὶ

133 1229 221 1306 αἰχμή
243 1232 364 1308 βραχέα·
389 1231 553 1308 ἀναξυρίδας
573 1233 602 1291 δὲ
627 1234 736 1310 ἔχοντες
758 1233 885 1310 ἔρχονται
906 1236 933 1294 ές

132 1314 183 1378 τοῖς
194 1316 287 1394 μάχας
304 1319 350 1375 καὶ
370 1320 526 1394 κυρβασίας
543 1319 588 1377 ε’πὶ
604 1324 672 1396 τῇσι
687 1323 840 1396 κεφαλῇσι·
863 1319 933 1378 οὕτω

133 1402 257 1468 εὐπετέες
274 1406 443 1484 χειρωθῆναί
453 1397 522 1466 ἐἶσιΙ
565 1407 625 1465 ἔστι
642 1407 671 1464 δὲ
690 1407 735 1464 καὶ
753 1405 845 1486 ἀγαθαὶ
858 1410 934 1465 τοῖσι

131 1491 183 1566 τήν
203 1491 319 1570 ἤπειρον
340 1495 445 1570 ε’κείνην
469 1495 655 1571 νεμομένοισι,
684 1493 741 1554 ὅσα
767 1493 829 1552 οὐδὲ
856 1497 933 1554 τοῖσι

131 1580 275 1641 συνάπασι
296 1580 423 1641 ἄλλοισι·
445 1581 501 1642 οἷπό
517 1587 626 1661 χρυσοῦ
642 1583 832 1660 ἀρξαμένοισι,
850 1583 932 1664 ἄργυ-

130 1695 178 1746 ρος
195 1671 240 1728 καὶ
255 1671 363 1749 χαλκὸς
383 1673 428 1730 καὶ
448 1670 536 1747 ἐσθής
554 1672 669 1748 ποικίλη
687 1673 733 1730 καὶ
748 1671 889 1753 ύποζύγιό1
901 1697 933 1731 τε

131 1757 177 1815 καὶ
190 1757 359 1836 ἀνδράποδα·
376 1759 412 1818 τό
426 1761 503 1839 θυμῷ
512 1759 684 1836 βουλόμενοι
697 1759 777 1818 αὐτοὶ
787 1757 821 1820 ἂν
831 1762 931 1838 ἔχοιτε.

131 1847 306 1922 κατοίκηνται
327 1848 356 1906 δὲ
377 1847 512 1924 α’λλήλων
534 1848 669 1926 ἐχόμενοι,
689 1848 725 1911 ὦς
746 1847 800 1928 ἔγω
819 1849 931 1926 φράσω.

130 1929 227 1994 Ἰώνων
246 1938 298 2011 μὲν
318 1936 403 1995 τῶνδε
424 1937 481 1995 οἵδε
504 1936 599 2006 Λυδοὶ,
624 1937 758 1998 οἰκέοντές
784 1962 815 1994 τε
838 1936 932 2014 χώρην

130 2019 240 2101 ἀγαθήν
263 2025 310 2082 καὶ
334 2024 598 2105 πολυαργυρώτατοι
620 2023 735 2086 ε’όντες·”
770 2023 875 2086 δεικνύς
902 2024 932 2082 δὲ

131 2110 210 2190 ἔλεγε
222 2115 310 2171 ταῦτα
323 2117 350 2175 ἐς
362 2117 413 2187 τῆς
424 2117 478 2193 γῆς
489 2111 541 2188 τήν
559 2112 688 2188 περίοδον
704 2109 756 2186 τήν
771 2113 886 2187 ἐφέρετο
903 2116 932 2170 ε’ν

130 2201 168 2274 τῷ
184 2198 279 2258 πίνακι
296 2200 505 2275 ἐντετμημένην·
532 2210 550 2234 “
559 2199 656 2258 Λυδῶν
675 2197 728 2267 δὲ,”
744 2200 799 2272 ἔφη
813 2198 902 2276 λέγων
915 2197 931 2256 ό

130 2283 340 2366 Ἀρισταγόρης,
355 2287 433 2346 “οἷδε
444 2287 554 2364 ἔχονται
567 2284 681 2365 Φρύγες,
694 2288 720 2344 οἱ
734 2285 804 2360 πρὸς
816 2284 867 2358 τήν
880 2283 930 2359 ἠῶ,

129 2375 421 2451 πολυπροβατώτατοι
439 2400 469 2432 τε
487 2372 577 2435 ἐόντες
590 2371 719 2432 οἶπόντων
733 2375 787 2431 τῶν
801 2371 855 2453 ε’γώ
869 2371 946 2442 οἶδα,

129 2462 175 2519 καὶ
195 2461 450 2540 πολυκαρπότατοι.
492 2464 608 2541 Φρυγῶν
628 2460 657 2520 δὲ
679 2461 788 2539 ἔχονται
810 2467 930 2521 Καππα-

128 2549 216 2623 δόκαι,
238 2551 303 2614 τούς
325 2551 406 2627 ἡμεῖς
433 2551 549 2627 Συρίους
571 2551 716 2626 καλέομεν·
748 2551 874 2611 τούτοισι
901 2553 931 2612 δὲ

128 2637 283 2716 πρόσουροι
300 2645 423 2708 Κιλικες,
438 2639 602 2715 κατήκοντες
620 2641 666 2698 ἐπὶ
683 2639 835 2700 θάλασσαν
847 2641 930 2716 τήνδε

128 2731 157 2785 ἔν
177 2724 196 2804 ᾗ
217 2727 266 2803 ἥδε
288 2727 402 2804 Κύπρος
425 2730 512 2802 νῆσος
533 2727 632 2786 κέεται·
654 2727 680 2787 οἳ
695 2728 867 2788 πεντακόσια
882 2729 929 2789 τό·

127 2819 218 2874 λαντα
230 2817 352 2897 βασιλέϊ
364 2815 413 2875 τόν
430 2816 551 2875 ἐπέτειον
565 2815 655 2892 φόρον
668 2821 836 2876 ἐπιτελεῦσι.
879 2824 930 2878 Κι-

127 2904 213 2962 λίκων
235 2904 264 2962 δὲ
286 2902 371 2964 τῶνδε
398 2903 508 2982 ἔχονται
530 2901 671 2980 Ἀρμένιοι
693 2905 759 2973 οἵδε,
782 2907 828 2964 καὶ
853 2904 930 2966 οὗτοι

127 2990 218 3054 ἐόντες
227 2990 454 3069 πολυπρόβατοι.
475 2991 627 3068 Ἀρμενίων
637 2992 666 3050 δὲ
677 2993 825 3068 Ματιηνοὶ,
836 2993 930 3072 χεόμην

126 3077 209 3152 τήνδε
222 3080 341 3159 ἔχοντες.
382 3081 474 3158 ἔχεται
487 3079 516 3138 δὲ
529 3077 633 3139 τούτων
645 3085 682 3161 γῆ
697 3079 746 3156 ήδε
760 3082 880 3155 Κισσίη·
896 3086 925 3139 ἐν

125 3171 162 3244 τῇ
176 3166 210 3243 δή
223 3167 300 3244 παρὰ
313 3167 440 3243 ποταμόν
452 3167 531 3227 τόνδε
545 3167 685 3244 Χοάσπην
699 3166 809 3243 κείρενυί
823 3172 883 3224 ε’στι
893 3167 928 3225 τὰ

127 3255 329 3325 Σοῦσαταῦτα,
338 3257 403 3315 ἔνθα
411 3255 550 3332 βασιλεύς
558 3281 589 3314 τε
597 3256 684 3334 μέγας
693 3253 929 3313 δίαιτανποιέεται

127 3344 173 3468 κηῐῖ
182 3347 238 3403 τῶν
246 3341 397 3422 χρημάτων
410 3347 437 3403 οἱ
450 3343 588 3419 θησαυροὶ
599 3340 715 3401 ἐνθαῦτά
727 3343 790 3396 εἶσι.
819 3339 929 3402 ἑλόντες

169 3427 228 3472 ,-3
382 3432 384 3436 ’
