2278 3538
166 171 306 236 ιιι-ιιι]
500 171 684 219 nomam.
917 171 963 218 ιιι

164 251 261 315 τοντός
272 278 304 312 τε
313 251 362 312 τόν
372 252 493 328 Δωριέος
502 255 551 310 τοῦ
565 250 779 326 Ἀναξανδρίδεω
788 248 860 326 πρός
865 247 963 330 Ἐγεσ-

163 343 247 402 ταίων
255 340 343 417 φόνον
354 340 553 418 ἐκπρήξασθαι,
561 338 752 402 ὑποτείνοντός
758 365 789 398 τε
798 339 833 398 τά
844 337 964 415 ἐμπόρια

163 431 388 506 συνελευθεροῦν,
401 428 448 488 ὑπ’
462 426 500 500 ὧν
514 429 580 505 ὑμῖν
595 428 717 508 μεγάλαι
734 427 853 504 ιὺφελίαι
870 453 901 486 τε
918 428 964 486 καὶ

162 519 324 595 ἐπαυρέσιες
341 517 483 598 γεγόνασι,
501 515 564 576 οὔτε
582 521 648 594 ἐμεῦ
668 517 757 575 εἵνεκα
775 515 877 591 ἤλθετε
892 517 962 591 βινη-

162 605 297 680 θήσοντες
316 604 380 664 οὔτε
397 606 447 664 τόν
464 605 585 682 Δωριέος
601 604 689 680 φόνον
707 603 913 681 ἐκπρηξόμενοι,
929 601 964 662 τό

161 721 191 753 τε
205 694 264 752 κατ’
277 693 362 772 ὑμέας
375 693 441 752 τάδε
457 693 566 753 ἅπαντα
579 693 634 752 ὑπό
650 691 828 770 βαρβάροισι
841 692 962 768 νέμεται·

161 781 239 841 άλλαὶ
256 781 285 840 εὖ
300 782 356 862 γάρ
371 781 439 858 ἡμῖν
456 782 502 840 καὶ
520 781 565 840 ἐπὶ
582 781 615 840 τό
635 780 746 857 ἄμεινον
763 780 893 856 κατέστη·
915 783 963 840 νῦν

161 871 190 928 δὲ
215 871 308 945 ἐπειδή
332 870 518 946 περιελήλυθε
541 869 557 928 ὑ
580 869 705 945 πόλεμος
728 870 773 928 καὶ
796 868 911 928 ἀπῖκται
936 873 963 932 ἐς

161 960 254 1033 ὑμέας,
274 959 345 1018 οὑτω
366 959 399 1034 δή
420 960 545 1021 Γέλωνος
564 961 683 1035 μνῆστις
702 960 809 1039 γέγονε.
851 957 961 1034 α’τιμίης

162 1047 191 1105 δέ
209 1047 278 1124 πρός
295 1049 385 1124 ὑμέων
404 1047 526 1123 κυρήσας
545 1047 594 1106 οὑκ
614 1043 791 1124 ὁμοιώσομαι
810 1045 876 1122 ὑμῖν
895 1045 961 1104 ἀλλ’

162 1136 271 1212 ἐτοῖμός
284 1141 339 1212 εἶμι
351 1137 491 1212 βοηθέειν,
503 1134 692 1213 παρεχόμενος
705 1135 848 1210 διηκοσίας
860 1161 891 1193 τε
904 1161 960 1211 τρι-

161 1223 244 1300 ήρεας
263 1225 308 1282 καὶ
324 1224 484 1301 δισμυρίους
500 1223 626 1292 ὁπλίτας,
643 1224 690 1282 καὶ
707 1223 849 1300 δισχιλίην
866 1222 960 1291 ἵππον,

162 1313 208 1370 καὶ
221 1312 377 1391 δισχιλίους
391 1312 515 1382 τοξότας,
530 1312 575 1371 καὶ
592 1312 748 1389 δισχιλίους
761 1310 959 1386 σφενδονήτας,

162 1401 207 1458 καὶ
221 1401 376 1480 δισχιλίους
390 1401 577 1478 ἱπποδρόμους
590 1399 699 1478 ψιλούς·
721 1398 801 1458 σῖτόν
810 1421 845 1458 ’τε
863 1397 960 1476 άπάση

160 1489 353 1567 τῆἙλλήνων
370 1493 489 1568 στρατιῇ
503 1487 560 1548 ἐστ’
574 1487 607 1547 ἂν
624 1488 875 1564 διαπολεμήσωμεν
893 1486 960 1546 ὑπο-

161 1575 273 1653 δέκομαι
283 1578 419 1655 παρέξειν·
434 1578 479 1636 ἐπὶ
490 1577 520 1636 δὲ
529 1577 605 1658 λόγῳ
613 1576 708 1654 τοιῷδε
717 1575 783 1635 τάδε
791 1575 958 1654 ὑπίσχομαι·

161 1665 202 1724 ἐπ’
213 1664 233 1745 ᾧ
243 1665 401 1745 στρατηγός
413 1692 444 1725 τε
459 1667 503 1724 καὶ
517 1665 627 1746 ήγεμών
637 1669 691 1724 τῶν
703 1662 848 1740 Ἑλλήνων
858 1665 960 1740 ἔσομαι

160 1753 230 1830 πρός
241 1753 291 1814 τόν
303 1754 464 1831 βάρβαρον·
484 1753 526 1811 ἐπ’
536 1751 615 1832 ἄλλῳ
630 1753 660 1812 δὲ
673 1753 750 1834 λόγῳ
764 1751 820 1812 οὔτ’
831 1750 864 1812 ἂν
877 1752 959 1815 αὑτός

160 1841 269 1918 ἔλθοιμι
283 1840 339 1901 οὔτ’
349 1840 383 1900 ἂν
394 1841 499 1905 ἄλλους
512 1840 679 1920 πέμψαιμι.”
708 1844 803 1900 Ταῦτα
817 1840 939 1904 άκοὺσας
949 1843 1004 1900 159

160 1928 221 1989 οὔτε
236 1930 373 2009 ἠνέσχετο
390 1930 406 1989 ό
424 1931 549 2011 Σύαγρος
565 1930 625 1989 εἶπέ
640 1955 671 1989 τε
687 1929 762 1990 τάδε·
785 1928 828 2004 “ἦ
848 1955 878 1988 κε
896 1928 958 2010 μέγ’

159 2017 298 2093 οἶμῶξειεν
331 2017 347 2078 ὑ
382 2019 544 2094 Πελοπίδης
578 2018 768 2098 Ἀγαμέμνων,
802 2016 959 2094 πυθόμενος

159 2106 335 2182 Σπαρτιήτας
347 2106 399 2182 τήν
412 2105 562 2187 ῆγεμονίην
575 2105 787 2182 ἀπαραιρῆσθαι
799 2103 854 2164 ὑπό
868 2105 958 2162 Γέλω·

157 2192 203 2256 νός
215 2219 246 2252 τε
260 2195 306 2252 καὶ
320 2196 524 2270 Συρηκουσέων·
542 2193 619 2252 άλλὺ
632 2193 732 2252 τούτου
745 2196 797 2266 μὲν
806 2191 958 2273 τοῦλόγου

157 2282 256 2356 μηκέτι
270 2284 406 2360 μνησθῇς,
421 2281 490 2344 ὅκως
505 2282 557 2358 τήν
569 2281 719 2362 ἡγεμονίην
732 2307 776 2340 τοι
794 2279 957 2358 παραδόσο·

156 2394 218 2444 μεν·
239 2367 313 2438 ἀλλ’,
329 2373 352 2428 εἰ
364 2373 415 2445 μὲν
428 2371 549 2446 βούλεαι
562 2371 695 2447 βοηθέειν
707 2374 742 2448 τῇ
756 2369 882 2438 Ἑλλάδι,
897 2369 958 2428 ’ίσθι

156 2453 308 2532 α’ρξόμενος
321 2457 375 2517 ὑπό
390 2459 622 2536 Λακεδαιμονίων·
645 2463 668 2517 εἰ
684 2457 706 2517 δ’
721 2457 776 2536 άρα
788 2459 828 2535 μή
843 2458 957 2534 δικαιοῖς

156 2542 303 2624 ἄρχεσθαι,
319 2545 356 2604 σὺ
371 2546 399 2604 δὲ
411 2546 452 2622 μή
465 2545 622 2623 βοηθέειν.”
657 2547 734 2623 Πρός
746 2552 834 2606 ταὺτα
853 2546 868 2606 ὑ
888 2547 936 2606 Γέ-
947 2548 1004 2606 160

155 2637 220 2701 λων,
243 2633 336 2709 ἐπειδή
356 2633 413 2712 ὥρα
433 2635 682 2712 ἀπεστραμμένους
702 2634 766 2697 τοὺς
785 2635 888 2716 λόγους
907 2639 957 2694 τοῦ

156 2719 292 2800 Συάγρου,
306 2721 356 2780 τόν
371 2722 531 2782 τελευταῖόν
548 2730 603 2798 σφι
618 2723 697 2782 τόνδε
716 2723 842 2798 ἐξέφαινε
859 2722 955 2804 λόγον·

155 2806 203 2864 “ὦ
217 2809 287 2877 ξεῖνε
305 2811 476 2886 Σπαρτιῆτα,
491 2810 596 2870 ὀνείδεα
613 2811 742 2872 κατιόντα
758 2811 893 2890 άνθρόπιρ
910 2819 956 2887 φι-

154 2896 213 2954 λέει
232 2898 379 2978 ἐπανάγειν
396 2899 447 2958 τόν
466 2899 563 2976 θυμόν·
585 2899 622 2959 σὺ
639 2901 735 2977 μέντοι
752 2899 957 2977 ἀποδεξάμενος

154 2982 321 3062 ὑβρίσματα
334 2991 363 3046 ἐν
379 2986 518 3069 τῷλόγῳ,
534 2987 566 3047 οὔ
582 3015 618 3064 με
635 2991 749 3052 ἐπεισας
764 2987 914 3066 α’σχήμονα
928 2992 958 3047 ἐν

153 3075 189 3150 τῇ
203 3072 313 3153 άμοιβῆ
326 3076 467 3156 γενέσθαι·
489 3075 555 3136 ὅκου
572 3077 601 3136 δὲ
617 3077 695 3154 ὑμεῖς
709 3077 779 3136 οὕτω
792 3075 957 3153 περιέχεσθε
974 3146 978 3150 ⁴

153 3164 203 3235 Τῆς
223 3162 381 3243 ἡγεμονίης,
396 3165 470 3227 οἰκός
491 3167 537 3224 καὶ
559 3169 607 3242 ἐμέ
626 3171 739 3242 μᾶλλον
759 3165 849 3240 ὑμέων
869 3164 958 3240 περιέ·

114 3315 122 3324 .
152 3251 265 3326 χεσθαι,
287 3256 421 3328 στρατιῆς
441 3279 471 3312 τε
492 3253 572 3313 ἐόντα
591 3253 814 3327 πολλαπλασίης
834 3251 957 3332 ῆγεμόνα

155 3339 201 3410 καὶ
213 3343 286 3414 νηῶν
300 3339 376 3398 πολὺ
392 3340 527 3402 πλεόνων·
548 3341 613 3400 ἀλλ’
629 3341 691 3400 ἐπεί
706 3365 737 3400 τε
754 3340 819 3415 ὑμῖν
837 3339 852 3398 ὑ
871 3338 956 3419 λόγος
