2262 3534
181 145 229 203 ιιι
486 145 670 194 ·ιινοιοτοι·
918 141 982 208 [m

177 222 366 284 άνοσιάτατον
393 223 463 302 ἔχων
495 223 582 303 λόγον
611 223 684 284 ἵκετο
709 221 779 300 πρός
805 222 982 298 Παυσανίην.

178 310 345 388 ἀπικόμενος
358 311 396 380 δὲ,
416 311 528 390 σπουδῇ
542 313 621 393 ἔλεγε
638 311 713 372 τάδε·
736 309 783 370 “03
802 315 855 370 παῖ
871 315 982 387 Κλεομ-

179 399 294 476 βρότου,
319 401 400 481 ἔργον
424 400 560 480 ἔργασταί
584 425 628 458 τοι
649 399 788 475 ὑπερφυὲς
810 399 932 480 μέγαθός
952 426 982 458 τε

179 488 224 546 καὶ
244 486 358 552 κάλλος·
380 488 426 546 καὶ
443 488 487 548 τοὶ
507 487 569 550 θεάς
585 487 732 563 παρέδωκε,
753 485 911 564 ῥυσάμενον
931 487 983 563 τήν

177 573 304 634 Ἐλλάδα
325 576 406 638 κλέος
427 575 599 636 καταθέσθαι
616 575 753 655 μέγιστον
770 575 915 650 Ἑλλήνων
928 579 983 634 τῶν

179 662 260 740 ἡμεῖς
281 663 363 739 ἴδμεν.
408 663 445 722 ού
463 663 492 722 δὲ
510 664 556 722 καὶ
574 662 610 722 τά
627 661 715 720 λοιπά
735 661 771 721 τοὶ
792 661 837 720 ε’πὶ
857 661 983 724 τούτοισι

178 750 307 826 ποιήσον,
327 750 396 814 ὅκως
414 750 500 830 λόγος
519 752 552 810 τέ
569 776 604 810 σε
627 751 677 828 ἔχῃ
700 751 739 808 ἔτι
759 751 855 826 μέζων,
875 752 923 810 καί
941 777 983 814 τις

178 837 295 914 ὕστερον
317 837 504 913 φυλάσσηται
527 843 582 898 τῶν
603 836 759 914 βαρβάρων
781 837 821 913 μή
848 837 983 916 ύπάρχειν

179 927 246 1006 ἔργα
259 925 409 986 ἀτάσθαλα
422 927 523 986 ποιέων
533 931 561 989 ἐς
572 927 638 990 τούς
646 926 800 1000 Ἕλληνας.
841 926 982 985 Λεωνίδεω

176 1013 232 1094 γοὶρ
245 1013 435 1077 ἀποθανόντος
452 1019 481 1074 ἐν
495 1016 706 1093 Θερμοπύλῃσι,
720 1013 877 1090 Μαρδόνιός
890 1041 921 1073 τε
935 1015 982 1074 καὶ

177 1102 283 1179 Ξέρξης
307 1101 497 1180 ἀποταμόντες
520 1103 571 1178 τήν
599 1102 727 1179 κεφαλήν
755 1102 981 1180 ἀνεσταύρωσαν·

177 1195 216 1269 τῷ
236 1191 273 1250 σι)
294 1191 346 1266 τήν
366 1190 466 1266 ὁμοίην
486 1190 642 1262 ἀποδιδούς,
664 1193 775 1250 ἔπαινον
797 1191 864 1260 ἔξεις
884 1195 982 1268 πρῶτα

177 1282 229 1356 μὲν
241 1278 296 1338 ύπά
309 1279 418 1339 πάντων
433 1281 636 1356 Σπαρτιητέων,
651 1278 727 1342 αὖτις
740 1280 770 1338 δὲ
784 1280 831 1337 καὶ
844 1279 914 1355 πράς
927 1283 982 1338 τῶν

178 1367 273 1427 ἀλλων
293 1367 446 1443 Ἑλλήνων·
482 1367 642 1445 Μαρδόνιον
661 1367 716 1449 γάρ
741 1367 980 1437 ἀνασκολοπίσας,
1119 1395 1121 1472 γ

130 1456 167 1516 79
177 1456 364 1533 τετιμιύρησαι
378 1461 405 1518 ές
417 1455 529 1534 πάτρων
541 1456 591 1516 τάν
610 1455 663 1516 σάν
676 1454 841 1531 Αεωνίδην.”
882 1455 915 1513 ‘0
930 1457 982 1530 μὲν

177 1543 278 1602 δοκέων
300 1545 467 1622 χαρίζεσθαι
491 1545 569 1624 ἔλεγε
592 1544 667 1604 τάδε·
702 1543 718 1603 ά
744 1543 768 1602 δ’
796 1543 982 1619 ἀνταμείβετο

176 1631 282 1690 τοῖσδε·
307 1629 355 1688 “ὦ
376 1632 446 1700 ξεῖνε
468 1635 612 1711 Αἰγινῆτα,
633 1631 665 1690 τά
690 1633 742 1707 μὲν
763 1631 865 1692 εὐνοεῖν
885 1656 915 1690 τε
936 1633 983 1690 καὶ

177 1723 301 1794 προορᾶν
327 1717 434 1799 άγαμαι
460 1722 520 1776 σεῦ·
560 1719 671 1798 γνώμης
698 1720 793 1794 μέντοι
820 1718 983 1795 ἡμάρτηκας
1119 1785 1120 1802 ¹

177 1809 313 1884 χρηστῆς·
335 1803 434 1880 ἐξάρας
452 1805 506 1885 γάρ
525 1832 561 1883 με
582 1806 655 1884 ύψοῦ
674 1808 720 1866 καὶ
739 1805 791 1882 τήν
810 1805 918 1883 πάτρην
935 1806 982 1866 καὶ
1119 1803 1120 1806 ¹

176 1893 210 1954 τά
233 1895 321 1974 ἔργον,
346 1899 373 1956 ἐς
393 1893 426 1954 τά
446 1894 533 1970 μηδὲν
554 1895 710 1970 κατέβαλες
727 1895 881 1970 παραινέων
897 1906 983 1974 νεκρῷ

177 1983 361 2058 λυμαίνεσθαι
385 1983 438 2051 καὶ,
460 1980 494 2058 ἢν
517 1987 604 2042 ταῦτα
620 1983 712 2054 ποιέω,
732 1983 788 2059 φάς
811 1981 923 2060 άμεινάν
945 2009 981 2060 με

177 2069 359 2132 ἀκούσεσθαι·
380 2070 416 2129 τά
431 2073 531 2147 πρέπει
550 2075 664 2147 μάλλον
685 2071 863 2148 βαρβάροισι
878 2072 982 2131 ποιέειν

177 2157 248 2234 ἤπερ
256 2158 393 2235 Ἕλλησι·
416 2161 462 2220 καὶ
475 2160 605 2218 ἐκείνοισι
623 2159 652 2218 δὲ
672 2161 883 2235 ἐπιφθονέομεν.
926 2161 981 2239 ε’γιύ

177 2245 200 2305 δ’
222 2245 259 2306 ὧν
278 2247 377 2306 τούτου
399 2247 489 2306 εἵνεκα
508 2247 580 2323 μήτε
600 2247 768 2328 Αἰγινήτῃσι
788 2247 889 2324 ἅδοιμι,
909 2247 981 2323 μήτε

177 2337 252 2394 τοῖσι
265 2338 353 2394 ταῦτα
367 2335 524 2411 ἀρέσκεται·
542 2334 656 2416 ἀποχρᾷ
669 2334 691 2396 δ’
706 2336 775 2411 ε’μοὶ,
787 2335 980 2414 Σπαρτιήτῃσι

176 2421 365 2498 ἀρεσκόμενον
384 2423 450 2482 ὅσια
471 2426 523 2499 μὲν
545 2424 656 2492 ποιέειν,
671 2423 738 2482 ὅσια
760 2424 790 2482 δὲ
811 2425 857 2482 καὶ
878 2425 978 2502 λέγειν·

177 2511 299 2589 Λεωνίδῃ
311 2511 348 2579 δὲ,
359 2515 398 2588 τῷ
407 2536 443 2587 με
454 2510 573 2572 κελεύεις
586 2517 751 2588 τιμωρῆσαι,
764 2512 839 2588 φημὶ
852 2511 980 2591 μεγάλως

177 2599 392 2674 τετιμωρῆσθαι·
414 2599 527 2676 ψυχῇσί
537 2624 567 2656 τε
580 2601 648 2676 τῇσι
664 2600 749 2659 τῶνδε
766 2599 980 2676 ἀναριθμήτοισι

176 2686 320 2761 τετίμηται
333 2685 415 2750 αὐτός
435 2711 466 2746 τε
485 2687 530 2745 καὶ
548 2690 575 2745 οἱ
590 2684 676 2746 άλλοι
692 2691 719 2746 οἱ
733 2692 762 2747 ε’ν
778 2686 980 2765 Θερμοπύλῃσι

177 2773 400 2850 τελευτήσαντες.
419 2773 457 2832 σύ
465 2775 560 2850 μέντοι
571 2776 610 2834 ἔτι
621 2776 690 2854 ἔχων
700 2774 788 2856 λύγον
796 2773 903 2834 τοιάνδε
909 2773 981 2850 μήτε

177 2862 338 2941 προσέλθῃς
350 2863 452 2943 ἔμοιγε,
463 2862 534 2940 μήτε
545 2863 773 2943 συμβουλεύσῃς·
787 2863 869 2942 χάριν
879 2863 940 2922 ἰ’σθι
948 2888 980 2922 τε

178 2949 229 3010 έιύν
242 2948 376 3026 ἀπαθής.”
418 2949 495 3028 ὁμὲν
507 2955 596 3011 ταῦτα
606 2950 730 3015 ἀκούσας
743 2950 959 3010 ἀπαλλάσσετο.

131 3039 169 3097 80
219 3039 383 3115 Παυσανίης
403 3038 433 3098 δὲ
454 3040 582 3120 κήρυγμα
601 3040 790 3116 ποιησάμενος
806 3037 912 3146 μήδενα
929 3036 980 3096 άπ-

177 3127 324 3186 τεσθαι
289 3151 340 3200 της
355 3127 444 3203 ληίης,
459 3128 638 3207 συγκομίζειν
659 3128 768 3186 ἐκέλευε
788 3125 851 3188 τούς
866 3126 981 3187 εἵλωτας

146 3213 213 3272 τοὶ
226 3213 366 3291 χρήματα·
389 3241 415 3274 οι
406 3214 493 3272 δὲ’
476 3215 528 3273 ανά
546 3239 579 3274 το
571 3215 794 3324 στρατοπεδον
802 3213 981 3290 σκιδνάμενοι

178 3299 307 3374 εὕρισκον
316 3301 421 3376 σκηνάς
432 3303 690 3380 κατεσκευασμένας
698 3306 794 3380 χρυσῷ
805 3302 851 3360 καὶ
860 3299 980 3378 ἀργύρῳ,
