2276 3538
197 151 228 196 9⁸2
505 148 685 194 ’ΠΡΟΔΟἹῸΤ
931 146 993 209 [VI.

194 230 293 302 πειρᾶν
316 231 343 288 ἔς
366 225 418 302 τήν
443 224 571 300 Μηδικήν
597 225 742 299 ἐσβαλεῖν,
767 226 858 299 σφέας
880 225 909 284 δὲ
932 225 996 290 τούς
1038 272 1040 280 ,

196 312 372 390 Σπαρτιήτας
390 312 511 372 κελεύειν
530 313 560 381 ἐξ
578 311 704 386 Ἐφέσου
725 311 914 389 ὀρμεωμένους
932 313 995 372 άνα-

195 401 312 477 βαίνειν,
327 403 373 460 καὶ
391 403 485 460 ἔπειτα
502 405 530 462 ἐς
547 397 635 458 τώυτό
655 397 791 457 ἀπαντᾶν.
835 401 997 476 Κλεομένεα

197 489 227 548 δὲ
247 491 373 570 λέγουσι,
395 489 518 566 ἡκόντων
539 491 593 546 τῶν
613 487 739 549 Σκυθέων
758 488 803 546 ἐπὶ
822 491 917 557 ταῦτα,
937 489 997 564 ὁμι-

197 578 271 638 λέειν
292 586 347 654 σφι
367 577 494 654 μεζόνως,
509 575 659 647 ὁμιλέοντα
674 573 702 630 δὲ
716 577 829 649 μᾶλλον
843 579 892 634 τοῦ
912 579 995 636 ἱκνευ·

196 667 281 740 μένου
294 667 393 742 μαθεῖν
406 663 457 739 τήν
471 662 680 738 ἀκρητοποσίην
693 661 758 738 παρ’
773 661 870 722 αὐτῶν·
893 669 922 722 ἐκ
934 665 995 722 τοί-

196 780 246 814 του
271 755 300 812 δὲ
320 753 442 829 μανῆναί
462 777 510 827 μιν
534 751 678 825 νομίζουσι
702 752 885 826 Σπαρτιῆται·
914 753 941 810 ἔκ
966 779 996 811 τε

197 841 291 913 τόσου,
308 840 343 902 ὦς
361 839 440 900 αὐτοὶ
458 839 584 918 λέγουσι,
602 838 684 899 ε’πεᾶν
703 839 853 916 ζωρότερον
871 839 995 914 βούλων·

200 954 245 986 ται
258 929 353 998 πιέειν,
365 938 382 962 “
392 927 575 986 ἐπισκύθισον
582 926 597 945 ”
611 927 735 1007 λέγουσι.
774 926 844 985 οὕτω
857 926 891 1002 δή
903 929 996 1003 Σπαρ-

199 1020 290 1091 τιῆται
309 1016 345 1076 τά
365 1017 428 1092 περὶ
443 1016 605 1091 Κλεομένεα
621 1017 748 1094 λέγουσι.
791 1015 853 1090 ε’μοί
865 1015 895 1073 δὲ
908 1015 996 1074 δοκέει

197 1105 273 1164 τίσιν
292 1103 394 1180 ταύτην
415 1103 430 1163 ά
453 1105 615 1179 Κλεομένης
636 1101 795 1181 Δημαρήτῳ
816 1103 931 1162 ε’κτίσαι.

150 1194 189 1250 85
241 1192 465 1268 Τελευτήσαντος
478 1191 508 1250 δὲ
522 1192 705 1268 Κλεομένεος,
721 1190 755 1252 αἶς
771 1190 905 1250 ἐπύθοντο
919 1195 996 1272 Αἰγι-

198 1285 286 1356 νῆται,
314 1283 438 1359 ἔπεμπον
465 1285 493 1343 ἐς
514 1280 646 1356 Σπάρτην
669 1279 806 1360 ἀγγέλους
832 1281 996 1354 καταβωσο-

197 1371 296 1444 μένους
315 1369 488 1447 Λευτυχίδεω
512 1369 576 1446 περὶ
598 1373 652 1428 τῶν
676 1373 705 1426 ε’ν
725 1366 862 1445 Ἀθήνῃσι
885 1366 996 1442 ὁμήρων

198 1460 345 1536 ἐχομένων.
386 1457 599 1532 Λακεδαιμόνιοι
622 1456 652 1514 δὲ
673 1454 851 1530 δικαστήριον
875 1479 996 1534 συναγα-

197 1545 301 1624 γόντες,
323 1547 446 1625 ἔγνωσαν
467 1544 669 1620 περιϋβρίσθαι
683 1542 832 1622 Αἰγινήτας
852 1541 906 1601 ὑπό
927 1549 996 1602 Λευ-

198 1633 322 1710 τυχίδεω·
353 1632 400 1690 καί
424 1657 472 1706 μιν
501 1631 661 1706 κατέκριναν
690 1630 801 1689 ἔκδοτον
824 1629 945 1711 ἄγεσθαι
970 1636 997 1694 ἒς

201 1721 317 1800 Αἴγιναν
345 1719 406 1778 ἀντὶ
434 1723 487 1777 τῶν
512 1724 540 1777 ἐν
561 1717 697 1798 Ἀθήνῃσι
721 1719 858 1797 ἐχομένων
882 1717 996 1794 ἀνδρῶν.

199 1808 360 1884 μελλόντων
381 1808 410 1866 δὲ
431 1805 507 1887 οἴγειν
529 1811 583 1866 τῶν
604 1808 770 1888 Αἰγινητέων
796 1806 845 1866 τόν
865 1808 995 1886 Λευτυχί-

199 1895 256 1965 δεα,
272 1896 333 1954 εἶπέ
345 1902 401 1971 σφι
415 1895 553 1970 Θεασίδης
566 1895 582 1955 ό
596 1897 784 1971 Λεωπρέπεος,
800 1895 850 1954 εὀἰν
864 1900 892 1953 ἐν
904 1895 996 1970 Σπόρ-

199 2011 234 2064 τῃ
249 1983 361 2061 δόκιμος
374 1982 452 2061 άνήρ·
475 1995 492 2019 “
500 1985 529 2042 τί
540 1983 683 2060 βούλεσθε
704 1984 815 2052 ποιέειν,
835 1982 929 2059 ἄνδρες
949 1987 997 2041 Αἰ-

198 2077 317 2153 γινῆται,
331 2072 380 2132 τόν
398 2073 525 2148 βασιλέα
544 2076 599 2132 τῶν
613 2072 805 2149 Σπαρτιητέων
823 2071 933 2129 ἔκδοτον
952 2097 996 2150 γε·

201 2163 315 2238 νόμενον
344 2160 398 2221 ὖπδ
426 2165 481 2220 τῶν
509 2161 664 2236 πολιητέων
691 2159 784 2240 ἅγειν;
815 2163 838 2217 εἰ
858 2162 906 2217 νῦν
926 2157 997 2238 ὀργῇ

199 2250 350 2328 χρεόμενοι
372 2251 495 2329 ἔγνωσαν
509 2248 579 2308 οὕτω
593 2249 774 2324 Σπαρτιῆται,
789 2245 857 2309 ὅκως
871 2247 902 2316 ἐξ
918 2246 997 2305 ὑστέ-

199 2364 249 2412 ρης
271 2337 311 2414 μή
333 2365 360 2397 τι
381 2337 453 2413 ὑμῖν,
476 2336 511 2412 ἢν
531 2339 619 2394 ταῦτα
640 2336 797 2412 πρήσσητε,
818 2333 998 2410 πανώλεθρον

200 2425 285 2485 κακόν
306 2431 332 2487 ές
352 2425 404 2499 τήν
424 2425 517 2502 χώρην
538 2423 712 2499 ἐσβάλωσι.”
753 2427 840 2481 ταῦτα
861 2421 998 2481 άκούσαν-

200 2539 244 2574 τες
258 2516 283 2570 οἰ
298 2516 444 2592 Αἰγινῆται
459 2513 576 2590 ἔσχοντο
600 2517 647 2586 τῆς
668 2511 786 2590 ἀγωγῆς
809 2510 947 2588 ὁμολογίῃ
969 2509 998 2566 δὲ

200 2599 357 2678 ἐχρήσαντο
371 2599 471 2676 τοιῇδε,
487 2599 674 2677 ἐπισπόμενον
688 2597 856 2673 Λευτυχίδεα
875 2601 901 2656 ἐς
914 2594 998 2668 Ἀθή-

154 2690 190 2747 86
200 2713 255 2755 νας,
270 2687 422 2746 ἀποδοῦναι
431 2687 598 2768 Αἰγινήτῃσι
610 2686 673 2747 τούς
687 2683 797 2760 ιῖιδρας.
831 2681 880 2744 Ὡς
893 2681 922 2739 δὲ
936 2680 997 2738 άπι-

200 2775 315 2850 κόμενος
327 2776 497 2854 Λευτυχίδης
511 2781 538 2838 ές
550 2775 599 2836 τάς
611 2771 732 2847 Ἀθήνας
745 2768 860 2828 άπαίτεε
876 2767 927 2844 τήν
947 2795 998 2827 πα-

199 2861 332 2940 ραθήκην,
347 2867 374 2922 οἱ
393 2863 537 2940 Ἀθηναῖοι
557 2861 720 2938 προφάσιας
738 2858 832 2918 εἶλκον
848 2856 880 2918 οὗ
894 2858 998 2935 βουλό-

199 2979 278 3029 μενοι
294 2951 454 3021 ἀποδοῦναι,
469 2953 570 3027 φάντες
584 2951 632 3009 δύο
646 2949 738 3024 σφέας
752 2947 845 3010 ε’όντας
859 2949 999 3023 βασιλέας

200 3040 385 3118 παραθέσθαι,
413 3041 458 3098 καὶ
482 3039 514 3098 οὗ
539 3039 659 3097 δικαιοῦν
686 3040 724 3116 τῷ
751 3036 832 3115 ἑτέρῳ
859 3036 922 3095 ἄνευ
949 3039 999 3093 τοῦ

201 3131 294 3205 ἑτέρου
313 3127 483 3188 ἀποδιδόναι.
525 3126 557 3186 οὗ
579 3127 709 3202 φαμένων
730 3126 759 3185 δὲ
775 3124 931 3184 ἀποδώσειν
945 3125 999 3180 τῶν

199 3215 361 3294 Ἀθηναίων,
385 3215 462 3284 ἔλεξέ
483 3221 540 3291 σφι
561 3215 729 3294 Λευτυχίδης
750 3213 824 3319 τάδε·
848 3212 894 3270 “ιῖι
916 3211 998 3318 Ἀθη·

200 3308 280 3372 ναῖοι,
295 3305 402 3364 ποιέετε
415 3329 467 3380 μεν
480 3329 598 3379 οκοτερα
611 3303 754 3379 βούλεσθε
775 3327 864 3360 αυτοι·
887 3325 932 3358 και
945 3323 1000 3378 γαρ
