2268 3536
171 174 282 240 22-26]
516 176 627 222 αοιαα.
940 177 970 225 67

170 256 321 333 προέδωκε.
361 253 465 332 μισθός
483 254 514 334 δέ
527 257 553 313 οί
566 253 601 330 ἦν
615 247 756 331 εἰρημένος
774 244 827 314 ὅδε
841 253 897 314 ύπδ
916 257 973 314 τῶν

172 345 292 421 Σαμίων,
314 343 424 404 πάντων
445 347 500 402 τῶν
522 343 646 402 ἐπίπλων
668 343 713 400 καὶ
737 341 916 419 α’νδραπόδων
935 342 971 401 τά

170 431 281 508 ἡμίσεα
297 433 472 510 μεταλαβεῖν
489 435 545 492 τῶν
563 435 592 490 ἐν
612 435 648 510 τῇ
668 429 745 499 πόλι,
759 429 794 488 τά
815 428 838 488 δ’
852 430 897 489 ἐπὶ
917 433 973 490 τῶν
1010 433 1014 471 Q

170 520 264 601 α’γριῧν
279 519 371 581 πάντα
384 513 569 598 Ἱπποκράτεα
591 518 752 600 λαγχάνειν.
792 517 858 581 τούς
871 521 922 594 μέν
937 518 971 594 δή

170 613 292 673 πλεῦνας
309 608 542 690 τῶνΖαγκλαίων
559 607 641 670 αύτὸς
655 613 684 666 ἐν
697 605 876 684 α’νδραπόδων
896 605 973 686 λόγῳ

171 696 230 776 εἶχε
248 697 344 773 δήσας,
361 697 425 760 τούς
446 697 476 756 δὲ
498 697 666 773 κορυφαίους
687 695 777 755 αὐτῶν
797 695 974 772 τριηκοσίους

170 785 252 844 ἔδωκε
270 789 346 844 τοῖσι
364 785 497 862 Σαμίοισι
517 783 706 860 κατασφάξαι·
729 781 762 842 ού
778 783 874 860 μέντοι
896 784 924 841 οἵ
940 809 973 862 γε

171 873 272 951 Σάμιοι
288 873 424 949 ἐποίησαν
437 877 534 932 ταῦτα.
577 873 684 947 Σκύθης
698 872 727 931 δὲ
740 871 756 932 ό
769 875 824 931 τῶν
835 870 971 952 Ζαγκλαί-
982 872 1019 928 24

169 988 207 1021 ων
222 962 381 1040 μούναρχος
395 968 424 1020 ἐκ
438 966 488 1036 τῆς
501 960 607 1021 Ἰνύκου
624 960 797 1038 ἐκδιδρήσκει
811 965 838 1022 ἐς
851 959 968 1037 Ἱμέρην.

170 1051 246 1108 ἐκδὲ
265 1050 368 1125 ταύτης
388 1055 480 1126 παρῆν
500 1055 526 1112 ἐς
538 1049 591 1124 τήν
603 1048 712 1125 Ἀσίην,
727 1051 773 1107 καὶ
790 1049 878 1124 άνέβη
896 1047 972 1124 παρά

170 1137 297 1210 βασιλέα
312 1142 441 1213 Δαρεῖον·
463 1138 511 1194 καί
525 1163 574 1213 μιν
595 1136 708 1212 ἐνόμισε
723 1141 841 1212 Δαρεῖος
861 1137 971 1195 πάντων

170 1220 277 1300 ἀνδρῶν
298 1224 472 1284 δικαιότατον
487 1225 555 1284 εἶναι
569 1224 634 1284 ὅσοι
648 1230 677 1283 ἐκ
691 1229 741 1300 τῆς
753 1225 892 1286 Ἑλλάδος
907 1223 972 1300 παρ’

170 1310 271 1370 έωυτδν
288 1310 442 1388 ἀνέβησαν·
465 1311 578 1393 καὶγὰρ
592 1311 836 1387 παραιτησάμενος
845 1313 972 1386 βασιλέα

170 1403 198 1462 ἐς
207 1402 337 1476 Σικελίην
351 1400 474 1468 α’πίκετο,
487 1401 532 1458 καὶ
547 1399 623 1461 αὖτις
637 1404 666 1456 ἐκ
680 1403 729 1474 τῆς
738 1399 867 1475 Σικελίης
880 1398 971 1459 ὀπίσω

168 1489 245 1562 παρά
261 1491 395 1563 βασιλέα,
412 1494 439 1551 ἐς
452 1487 468 1547 ὃ
481 1487 567 1568 γήραϊ
580 1488 654 1568 μέγα
673 1486 772 1562 ὄλβιος
794 1485 845 1547 ἔων
866 1487 970 1547 ἐτελεύ·

168 1600 239 1650 τησε
259 1581 288 1634 ἐν
303 1577 443 1655 Πέρσῃσι.
488 1576 589 1653 Σάμιοι
610 1576 640 1634 δὲ
661 1575 890 1655 α’παλλαχθέντες
907 1575 969 1652 Μή-

169 1661 230 1733 δων,
239 1663 357 1740 ἀπονητὶ
370 1665 455 1725 πόλιν
469 1666 627 1742 καλλίστην
636 1665 767 1746 Ζάγκλην
780 1665 969 1742 περιεβεβλή-
1010 1697 1014 1704 ’

168 1776 229 1810 ατο.
272 1752 353 1811 Meni
375 1753 404 1810 δὲ
426 1753 477 1828 τήν
501 1754 657 1830 ναυμαχίην
677 1753 728 1828 τήν
746 1753 815 1829 ὑπὲρ
837 1753 968 1827 Μιλήτου
978 1754 1015 1811 25

167 1841 326 1918 γενομένην,
341 1840 464 1901 Φοίνικες
485 1841 675 1900 κελευσάντων
693 1842 827 1918 Περσέων
848 1845 969 1919 κατῆγον

169 1932 196 1989 ἐς
218 1928 314 2005 Σάμον
336 1927 440 1987 Αἰάκεα
463 1929 512 1988 τόν
535 1931 725 1997 Συλοσῶντος,
750 1928 785 1991 ὥς
806 1933 919 1987 πολλοῦ
939 1953 970 1987 τε

168 2013 246 2084 άξιον
261 2017 409 2098 γενόμενόν
426 2025 515 2094 σφισι
529 2018 575 2074 καὶ
587 2017 700 2097 μεγάλα
715 2016 967 2098 κατεργασάμενον·

169 2106 214 2163 καὶ
236 2107 370 2181 Σαμίοισι
394 2105 523 2181 μούνοισι
546 2108 601 2164 τῶν
625 2103 808 2163 ἀποστάντων
833 2103 889 2162 άπδ
913 2111 969 2161 Δα·

167 2193 251 2268 ρείου,
263 2193 307 2252 διά
321 2195 372 2269 τήν
384 2196 507 2271 ἔκλειψιν
520 2197 575 2251 τῶν
588 2197 655 2251 νεῶν
668 2196 723 2250 τῶν
733 2195 762 2250 ἐν
775 2195 811 2268 τῇ
820 2192 968 2269 ναυμαχίη,

168 2279 231 2338 οὔτε
244 2281 262 2356 ή
277 2281 359 2344 πόλις
373 2281 436 2339 οὔτε
452 2280 488 2338 τά
511 2280 557 2356 ἱρά
578 2278 745 2354 ἐνεπρήσθη.
788 2278 919 2354 Μιλήτου
940 2279 969 2338 δέ

167 2367 302 2444 άλούσης,
318 2369 416 2427 αύτίκα
434 2368 542 2444 Καρίην
562 2368 647 2444 ἔσχον
668 2370 694 2424 οἱ
711 2367 831 2443 Πέρσαι,
849 2366 899 2430 τάς
918 2371 970 2443 μὲν

167 2456 317 2532 ἐθελοντήν
337 2461 391 2516 τῶν
409 2457 516 2514 πολίων
533 2453 726 2531 ὗποκυψάσας,
746 2453 795 2517 τάς
813 2455 843 2514 δὲ
861 2455 969 2536 άνάγκῃ

167 2546 393 2626 προσηγάγοντο.
436 2548 522 2602 ταῦτα
536 2547 588 2620 μὲν
602 2542 635 2618 δή
650 2542 721 2602 οὕτω
735 2544 848 2624 ἐγένετο.

207 2631 329 2712 Ἱστιαίῳ
347 2634 377 2692 δέ
393 2637 431 2712 τῷ
444 2633 580 2711 Μιλησίῳ
595 2631 667 2690 ἐόντι
680 2633 744 2710 περὶ
759 2632 909 2703 Βυζάντιον
924 2634 968 2690 καὶ
978 2635 1015 2690 26

166 2721 403 2798 συλλαμβάνοντι
421 2721 471 2783 ταὶς
483 2719 580 2779 Ἰάνων
601 2720 723 2783 ὁλκάδας
738 2721 918 2784 ἐκπλωούσας
938 2726 968 2779 ἐκ

166 2813 217 2868 τοῦ
237 2809 358 2878 Πόντου,
378 2810 577 2888 ἐξαγγέλλεται
598 2809 634 2868 τά
655 2809 719 2885 περὶ
737 2810 869 2885 Μίλητον
890 2808 966 2890 γενό-

165 2922 246 2972 μενα.
287 2897 323 2956 τά
338 2901 389 2974 μὲν
406 2897 440 2971 δή
459 2898 522 2973 περὶ
535 2895 751 2970 Ἑλλήσποντον
766 2899 865 2976 ἔχοντα
879 2896 967 2976 πρήγ·

166 3010 243 3060 ματα
272 2985 417 3062 ἐπιτράπει
447 2986 585 3062 Βισάλτῃ,
614 2983 846 3060 Ἀπολλοφάνεος
877 2983 964 3052 παιδὶ,

167 3069 324 3151 Ἀβυδηνῷ·
346 3073 428 3136 αύτός
447 3074 476 3131 δὲ
496 3075 563 3150 ἔχων
583 3074 726 3146 λεσβίους
745 3079 772 3134 ἐς
789 3073 860 3130 Χίον
877 3072 967 3140 ἔπλεε,

168 3161 213 3218 καὶ
233 3162 314 3238 Χίων,
330 3165 439 3240 φρουρῇ
462 3161 493 3219 ού
512 3162 683 3239 προσιεμένῃ
704 3186 751 3235 μιν
773 3153 968 3233 συνέβαλεέν

168 3248 303 3307 Κοίλοισι
324 3250 520 3325 καλεομένοισι
539 3253 590 3322 τῆς
603 3249 673 3321 Χίης
692 3247 794 3324 χώρης·
814 3245 917 3304 τούτων
936 3271 967 3304 τε

170 3336 203 3396 δύ
222 3336 357 3410 ἐφόνευσε
375 3337 503 3415 συχνούς,
519 3337 565 3392 καὶ
581 3340 636 3392 τῶν
653 3337 760 3393 λοιπῶν
773 3333 849 3391 Χίων
867 3331 912 3391 οἶα
933 3332 967 3406 δή
