2278 3538
158 171 299 238 Ill-114]
480 173 632 225 ΟΤΡΑΝΙΛ.
643 175 647 189 ’
909 172 958 221 265

158 279 240 324 σατο,
254 255 344 334 λέγων
358 253 393 317 ὥς
406 257 431 312 εἰ
442 254 482 331 μή
500 253 624 313 δώσουσι
636 253 669 314 τό
683 252 850 330 αἰτεόμενον,
865 251 960 322 ἐπείξει

158 341 210 416 τήν
230 340 365 418 στρατιήν
382 345 437 402 τῶν
456 341 601 418 Ἑλλήνων
621 343 668 400 καὶ
690 342 861 418 πολιορκέων
888 341 959 410 ἐξαι-

158 429 250 506 ρήσει·
272 431 362 510 λέγων
378 427 414 489 ὧν
433 433 529 499 ταῦτα,
547 430 681 509 συνέλεγε
698 429 830 508 χρήματα
848 427 960 510 μεγάλα

159 517 236 595 παρὰ
257 518 424 595 Καρυστίων
443 544 473 577 τε
495 519 541 576 καὶ
561 518 683 594 Παρίων·
712 517 739 576 οἳ
758 516 960 594 πυνθανόμενοι

159 606 211 681 τήν
230 632 261 666 τε
275 605 396 683 Ἀνδρον
416 605 452 669 οἷς
471 607 665 682 πολιορκέοιτο
686 605 755 665 διότι
774 603 897 681 ἐμήδισε,
915 605 961 664 καὶ

160 695 357 772 Θεμιστοκλέα
371 693 406 756 οἷς
420 694 461 770 εἴη
475 699 504 753 ἐν
518 695 580 773 αίνη
590 695 711 775 μεγίστῃ
721 696 776 753 τῶν
786 698 960 775 στρατηγῶν,

161 783 301 846 δείσαντες
318 785 414 851 ταῦτα,
429 783 553 858 ἔπεμπον
570 781 711 860 χρήματα.
754 781 823 840 εἰδὲ
843 781 877 859 δή
890 808 961 846 τινες

162 871 208 928 καὶ
224 869 309 929 ἄλλοι
326 870 426 930 ἔδοσαν
444 870 606 946 νησιωτέων,
627 869 676 930 οὐκ
691 871 744 949 ἔχω
759 874 854 931 εἰπεῖν·
876 871 961 930 δοκέω

162 957 193 1016 δέ
205 984 281 1022 τινας
295 959 340 1016 καὶ
358 956 463 1020 ἄλλους
479 957 581 1027 δοῦναι,
595 958 641 1016 καὶ
660 957 692 1017 οὗ
706 957 821 1021 τούτους
833 959 960 1036 μούνους·

163 1046 253 1104 καίτοι
266 1047 457 1123 Καρυστίοισί
464 1071 498 1125 γε
508 1045 586 1104 οὐδὲν
598 1045 698 1105 τούτου
709 1047 798 1105 εἵνεκα
811 1051 861 1106 τοῦ
876 1051 961 1106 κακοῦ

162 1133 310 1210 ψπερβολή
326 1133 443 1214 ἐγένετο·
465 1133 569 1209 Πάριοι
582 1133 612 1193 δέ
625 1134 820 1210 Θεμιστοκλέα
833 1135 962 1212 χρήμασι

164 1222 329 1298 ἱλασόμενοι
347 1221 479 1302 διέφυγον
497 1222 530 1281 τό
543 1220 712 1298 στράτευμα.
754 1223 963 1299 Θεμιστοκλέης

162 1312 215 1387 μέν
242 1337 296 1380 νυν,
325 1311 356 1380 ἐξ
376 1309 496 1387 Ἀνδρου
523 1309 703 1387 ὁρμειόμενος,
721 1309 863 1389 Ιχρήματα
886 1311 963 1387 παρὰ

163 1400 318 1475 νησιωτέων
332 1400 439 1458 ἐκτέετο
452 1397 544 1475 λάθρη
557 1403 611 1458 τῶν
624 1398 720 1458 ἄλλων
733 1401 907 1479 στρατηγῶν.

206 1491 242 1546 Οἱ
264 1487 287 1546 δ’
308 1487 383 1564 ἀμφὶ
405 1487 510 1564 Ξέρξεα
532 1486 695 1566 ἐπισχόντες
717 1485 816 1567 ὀλίγας
838 1486 1010 1564 ήμέρας113

164 1576 234 1652 μετὰ
257 1575 308 1652 τήν
331 1577 495 1654 ναυμαχίην,
520 1575 668 1645 ἐξέλαυνον
687 1581 722 1638 ἐς
749 1575 886 1638 Βοιωτούς
911 1574 963 1651 τήν

165 1663 251 1741 αι’ντήν
269 1664 343 1724 ὁδόν·
364 1665 439 1735 ἔδοξε
457 1664 512 1746 γὰρ
527 1665 572 1723 καὶ
589 1664 746 1745 Μαρδονίῳ,
760 1663 819 1741 ἅμα
831 1667 883 1742 μὲν
896 1690 963 1742 προ-

165 1751 274 1832 πέμψαι
287 1753 414 1830 βασιλέα
424 1751 483 1830 όμα
494 1753 523 1812 δέ
533 1752 651 1831 όνωρίην
662 1753 731 1814 εἶναι
739 1758 788 1814 τοῦ
797 1754 870 1817 ἔτεος
880 1757 963 1812 πολε·

165 1842 251 1920 μέειν·
271 1843 429 1921 χειμερίσαι
442 1867 472 1900 τε
486 1840 598 1918 ἄμεινον
617 1841 686 1901 εἶναι
699 1848 728 1902 ἐν
746 1843 904 1920 Θεσσαλίῃ,
918 1841 964 1900 καὶ

167 1933 260 1992 ἔπειτα
280 1930 339 2007 ἅμα
358 1934 397 2009 τῷ
417 1931 476 2005 ἐαρι
495 1930 648 2006 πειρᾶσθαι
664 1934 714 2004 τῆς
733 1929 962 2004 Πελοποννήσου.

167 2019 202 2082 τίς
212 2019 241 2078 δὲ
251 2018 370 2078 ιῖπίκατο
383 2021 410 2080 ἐς
423 2016 475 2091 τήν
488 2017 660 2090 Θεσσαλίην,
676 2017 793 2075 ἐνθαῦτα
807 2016 965 2092 Μαρδόνιος

167 2106 310 2186 ἐξελέγετο
324 2104 449 2182 πρώτους
466 2101 530 2184 [μὲν
549 2101 676 2183 Πέρσας]
689 2102 794 2166 πάντας
807 2104 870 2166 τούς
882 2103 965 2162 Ἀθα-

167 2193 265 2256 νότους
277 2189 469 2269 καλεομένους,
484 2189 560 2266 πλήν
573 2189 720 2267 Ὑδάρνεος
732 2195 783 2250 τοῦ
796 2193 966 2270 στρατηγοῦ·

168 2277 260 2360 (οὗτος
273 2281 328 2361 γὰρ
346 2279 395 2338 οὐκ
412 2279 467 2354 ἔφη
484 2279 636 2356 λείψεσθαι
651 2279 811 2359 βασιλέος)
838 2279 910 2355 μετὰ
928 2278 965 2347 δὲ,

166 2373 223 2429 τῶν
243 2367 338 2428 ἄλλων
360 2365 495 2444 Περσέων
516 2365 581 2429 τούς
605 2366 828 2443 θωρηκοφόρους,
850 2367 896 2425 καὶ
915 2365 967 2441 τήν

170 2459 255 2518 ἵππον
275 2456 327 2532 τήν
349 2457 454 2536 χιλίην·
484 2455 531 2513 καὶ
554 2453 669 2530 Μήδους
689 2480 719 2514 τε
738 2456 784 2513 καὶ
803 2453 903 2523 Σάκας,
923 2454 968 2513 καὶ

169 2546 321 2623 Βακτρίους
343 2571 374 2605 τε
395 2545 444 2604 καὶ
466 2542 578 2613 Ἰνδούς,
603 2543 649 2602 καὶ
672 2542 721 2603 τόν
742 2544 825 2615 πεζόν
849 2544 895 2603 καὶ
917 2543 969 2618 τήν

170 2634 265 2694 ἵππον.
300 2638 388 2694 ταῦτα
410 2636 461 2710 μὲν
485 2633 564 2692 ἔθνεα
591 2631 646 2692 ὅλα
673 2632 774 2692 εἵλετο·
809 2637 838 2692 ἐκ
862 2632 891 2691 δέ
914 2635 968 2692 τῶν

169 2721 265 2782 ἄλλων
275 2722 431 2802 συμμάχων
442 2719 585 2801 ἐξελέγετο
599 2718 658 2779 κατ’
671 2719 792 2802 ὀλίγους,
806 2725 883 2780 τοῖσι
897 2718 969 2778 εἶδεό

169 2836 200 2869 τε
213 2809 321 2889 ὑπῆρχε
336 2809 471 2890 διαλέγων
486 2809 531 2867 καὶ
541 2812 565 2866 εἷ
574 2806 667 2868 τέοισί
674 2834 702 2868 τι
711 2808 837 2887 χρηστόν
847 2808 969 2868 συνείδεε

171 2899 364 2975 πεποιημένον.
395 2904 423 2957 ἐν
434 2898 471 2969 δέ,
483 2900 620 2956 πλεῖστον
634 2897 711 2959 ἔθνος
724 2896 840 2973 Πέρσας
853 2895 969 2973 αἱρέετο,

170 2985 272 3063 ἄνδρας
284 2985 513 3063 στρεπτοφόρους
532 3011 564 3045 τε
584 2985 630 3043 καὶ
648 2984 847 3061 ψελιοφόρους·
868 2984 914 3040 ἐπὶ
932 2982 968 3057 δέ,

172 3074 295 3150 Μήδους·
316 3071 405 3154 (οὗτοι
421 3073 450 3131 δὲ
468 3074 579 3147 πλῆθος
596 3074 648 3150 μέν
666 3071 716 3132 οὐκ
730 3071 884 3132 ἐλάσσονες
896 3068 971 3145 ἦσαν

171 3167 227 3222 τῶν
249 3161 382 3239 Περσέων
400 3161 478 3239 ῥώμη
499 3161 528 3219 δὲ
550 3160 688 3240 ἐσσονες·)
716 3158 788 3218 ὥστε
808 3157 972 3234 σύμπαντας

171 3250 321 3330 τριήκοντα
333 3248 468 3328 μυριάδας
481 3249 612 3330 γενέσθαι
627 3247 680 3308 οὖν
695 3250 819 3306 ἱππεῦσι.

163 3391 180 3414 ,,
211 3339 261 3401 Ἐν
274 3340 304 3400 δέ
317 3338 404 3419 τούτῳ
417 3341 455 3416 τῷ
468 3336 567 3417 χρόνῳ,
582 3341 610 3396 ἐν
625 3340 664 3415 τῷ
681 3333 838 3413 Μαρδόνιός
855 3359 886 3393 τε
901 3333 1021 3409 τήν114
