2268 3536
180 141 210 190 τι
494 139 663 185 ιινοιουον
914 138 975 202 [τι.

177 218 241 279 τότε
269 217 363 278 ἐόντας
387 217 548 292 βουλεῦσαι
572 217 643 276 κατὰ
665 217 751 293 νόμον
774 219 901 293 βασιλέα
923 224 980 282 ταῖν

177 306 282 364 παίδων
290 304 339 363 τόν
347 304 543 383 πρεσβύτερον
549 304 735 381 ποιήσασθαι·
748 304 835 366 σύκων
845 307 879 382 δή
887 314 980 384 σφεας

179 395 252 471 ἔχειν
274 393 405 469 ὁκότερον
428 395 551 462 ἕλωνται,
572 393 649 452 ὥστε
662 395 708 451 καὶ
726 393 828 470 ὁμοίων
846 395 892 453 καὶ
911 397 980 458 ἴσων

178 480 285 551 ἐόντων,
301 480 332 540 οῦ
350 482 516 558 δυναμένους
532 481 560 539 δὲ
573 485 682 560 γνῶναι,
695 480 714 557 ἦ
736 482 781 540 καὶ
800 481 854 558 πρά
870 483 978 555 τούτου,

178 573 328 646 ἐπειρωτᾶν
346 570 397 644 τήν
418 573 564 627 τεκοῦσαν·
584 567 636 643 τὴν
655 569 684 626 δέ
705 568 768 628 οῦδὲ
786 568 874 646 αῦτύν
892 571 979 648 φόναι

179 658 377 739 διαγινώσκειν,
394 657 494 715 εἰδυῖαν
507 659 559 732 μὲν
573 658 619 715 καὶ
631 655 663 716 τό
679 657 766 734 κάρτα
779 659 872 740 λέγειν
891 665 978 720 ταῦτα

176 747 356 820 βουλομένην
370 745 399 802 δὲ
414 744 438 800 εἴ
451 769 502 806 κως
519 742 675 820 ἀμφότεροι
691 746 819 826 γενοίατο
832 747 978 822 βασιλέες·

176 833 241 894 τοῦς
258 832 295 891 ὦν
314 831 347 906 δη
362 831 595 907 Λακεδαιμονίους
609 831 744 909 ἀπορέειν·
767 832 936 910 ἀπορέοντας
949 835 978 894 δὲ

177 921 296 995 πέμπειν
310 923 337 982 ἐς
352 917 492 994 Δελφούς,
509 923 740 996 ἐπειρησομένους
753 921 769 981 ὅ
782 947 810 982 τι
822 922 978 1001 χρήσονται

153 1020 155 1022 ’
176 1011 214 1086 τῷ
227 1007 384 1087 πρήγματι;
406 1007 458 1083 τήν
471 1007 500 1066 δὲ
515 1009 624 1084 Πυθίην
639 1009 760 1068 κελεύειν
778 1011 870 1086 σφέας
885 1009 977 1088 ἀμφό-

175 1121 242 1172 τερα
259 1096 294 1154 τά
313 1095 410 1154 παιδία
425 1095 591 1177 ἡγήσασθαι
603 1098 752 1172 βασιλέας,
766 1103 849 1174 τιμᾶν
862 1098 892 1156 δέ
905 1103 977 1175 μάλ-

177 1187 230 1242 λαν
247 1183 297 1243 τόν
314 1185 483 1264 γεραίτερον·
504 1184 556 1260 την
573 1189 624 1262 μὲν
641 1185 674 1261 δή
690 1187 800 1262 Πυθίην
816 1185 905 1245 ταῦτα’
922 1193 978 1262 σφι

172 1270 294 1331 Ιἀνελεῖν·
315 1275 391 1330 τοῖσι
411 1271 440 1332 δέ
457 1274 710 1351 Λακεδαιμονίοισι,
726 1272 878 1350 ἀπορέουσι
899 1273 978 1335 οῦδὲν

177 1359 265 1420 ἐσσον
284 1359 352 1422 ὅκως
371 1360 500 1438 ἐξεύρωσι
519 1361 609 1420 αύταῖν
626 1361 676 1419 τόν
694 1360 896 1436 πρεσβύτερον,
910 1359 977 1419 ύπο-

177 1447 277 1508 θέσθαι
298 1447 384 1525 ἄνδρα
398 1449 565 1523 Μεσσήνιον
585 1452 623 1525 τῷ
639 1446 743 1522 οὕνομα
758 1447 826 1504 εἶναι
841 1446 976 1519 Πανίτην·

176 1533 333 1596 ὑποθέσθαι
354 1537 383 1596 δὲ
403 1541 502 1596 τοῦτον
520 1535 569 1595 τόν
583 1533 708 1606 Πανίτην
720 1532 786 1590 τόδε
799 1535 874 1590 τοῖσι
888 1536 976 1589 Λακε-

176 1621 353 1699 δαιμονίοισι,
373 1623 497 1700 φυλάξαι
518 1621 570 1697 την
589 1619 752 1700 γειναμένην
772 1617 903 1694 ὁκότερον
922 1621 976 1678 τῶν

175 1711 291 1771 παιδίων
305 1712 440 1789 πρότερον
453 1709 530 1768 λούει
545 1708 589 1764 καὶ
603 1707 711 1775 σιτίζει·
733 1705 779 1762 καὶ
792 1703 826 1780 ἢν
839 1707 895 1781 μὲνΙ
905 1706 976 1766 κατά

176 1797 211 1858 τά
234 1799 304 1859 αύτά
327 1801 459 1876 φαίνηται
472 1797 534 1854 ἀἰεὶ
555 1796 683 1861 ποιεῦσα,
696 1793 761 1856 τοῦς
783 1793 812 1852 δέ
830 1798 887 1854 πᾶν
899 1795 976 1865 ’ἕξειν

176 1885 246 1946 ὅσον
268 1914 295 1947 τι
320 1888 365 1945 καὶ
390 1886 510 1958 δίζηνται
535 1881 580 1939 καὶ
602 1881 719 1940 θέλουσι
743 1882 870 1960 ἐξευρεῖν·
890 1881 925 1960 ἢν
946 1885 976 1945 δέ

176 1979 318 2035 πλανᾶται
343 1974 388 2032 καὶ
412 1972 500 2044 ἐκείνη
525 1967 649 2038 ἐναλλάξ
671 1975 798 2042 ποιεῦσα,
823 1971 896 2048 δῆλά
919 1982 975 2050 σφι

177 2063 293 2122 ἔσεσθαι
313 2061 348 2122 αῖς
365 2058 427 2118 οῦδὲ
441 2058 530 2132 ἐκείνη
543 2057 631 2116 πλέον
645 2057 725 2118 ούδέν
738 2059 804 2119 οἶδε·
827 2061 868 2120 ἐπ’
882 2060 975 2138 ἅλλην

175 2151 208 2209 τέ
224 2157 316 2225 σφεας
336 2143 493 2223 τραπέσθαι
511 2143 584 2204 ὁδόν·
607 2147 724 2206 ἐνθαῦτα
744 2147 777 2224 δὴ
799 2149 863 2212 τοῦς
882 2151 975 2228 Σπαρ-

176 2237 279 2311 τιήτας,
299 2233 369 2292 κατὰ
390 2232 440 2294 ταὶς
460 2237 510 2292 τοῦ
529 2235 697 2310 Μεσσηνίου
715 2235 864 2312 ῦποθήκας,
884 2236 975 2313 φυλό-

176 2325 274 2393 ξαντας
286 2321 338 2396 τὴν
350 2321 457 2397 μητέρα
469 2325 524 2381 ταῖν
536 2320 743 2400 Ἀριστοδήμου
755 2326 860 2385 παίδων
872 2327 976 2402 λαβεῖν

177 2410 246 2468 κατά
259 2410 295 2468 ταὶ
309 2409 377 2468 αὐτοὶ
392 2414 519 2486 τιμῶσαν
532 2409 582 2470 τόν
594 2411 730 2490 πρότερον
744 2415 789 2472 καὶ
803 2414 911 2474 σίτοισι
929 2413 975 2474 καὶ

176 2501 330 2574 λουτροῖσι,
345 2497 394 2556 οῦκ
413 2498 514 2564 εἰδυῖαν
527 2503 581 2559 ταῖν
596 2500 697 2560 εἵνεκεν
711 2501 903 2577 ἐφυλάσσετο·
923 2506 975 2560 λα·

175 2585 280 2661 βόντας
299 2585 328 2643 δὲ
344 2584 376 2645 τό
395 2586 506 2647 παιδίον
518 2587 551 2646 τό
565 2589 720 2666 τιμώμενον
736 2589 805 2666 πρός
822 2593 872 2662 τῆς
884 2613 975 2667 γεινα-

175 2673 267 2750 μένης,
283 2673 318 2736 αῖς
331 2673 377 2734 ἐόν
392 2673 528 2754 πρότερον
548 2678 660 2753 τρέφειν
674 2681 754 2753 ἐντῷ
772 2675 906 2750 δημοσίῳ·
928 2675 976 2732 καί

176 2763 203 2820 οἱ
231 2760 336 2838 ούνομα
358 2764 470 2839 τεθῆναι
497 2763 683 2842 Εὐρυσθένεα,
711 2766 749 2840 τῷ
776 2761 805 2818 δὲ
830 2759 974 2840 [νεωτέρῳ]

176 2851 319 2926 Προκλέα·
340 2851 452 2916 τούτους
462 2852 655 2929 ἀνδρωθέντας,
669 2848 767 2911 αὐτούς
776 2872 807 2906 τε
820 2847 975 2921 ἀδελφεούς

177 2937 271 3002 ἐόντας
292 2941 410 3021 λέγουσι
431 2940 581 3016 διαφόρους
604 2938 673 2996 εἶναι
693 2935 743 2995 τόν
763 2934 855 2994 πάντα
872 2935 975 3014 χρόνον

175 3029 226 3102 τῆς
239 3027 303 3104 ζόης
314 3027 477 3103 ἀλλήλοισι,
488 3027 533 3086 καὶ
546 3024 611 3088 τοῦς
625 3024 680 3083 ἀπό
695 3022 798 3083 τούτων
811 3025 975 3104 γενομένους

128 3115 168 3174 53
179 3113 308 3179 εόσαύτως
321 3115 480 3175 διατελέειν.
521 3116 615 3172 Ταῦτα
631 3114 683 3190 μὲν
695 3111 908 3188 Λακεδαιμόνιοι
928 3115 974 3172 λε’-

175 3228 261 3284 γουσι
280 3206 379 3280 μοῦνοι
391 3199 544 3276 Ἑλλήνων·
565 3200 630 3259 τόδε
651 3200 681 3260 δέ
701 3199 772 3260 κατὰ
787 3200 822 3261 τά
836 3201 974 3283 λεγόμενα

176 3288 231 3350 ῦπὸ
252 3288 396 3364 Ἑλλήνων
418 3287 472 3368 ἐγῶ
492 3287 749 3368 γρόφω·...τούτους
766 3288 830 3352 τοῦς
848 3290 975 3368 Δωριέων
