2278 3538
187 153 233 200 ‘240
496 148 681 198 ἬΡΟΔΟΤΟΤ
894 143 991 209 [VIII.

185 251 235 287 τον
255 225 421 304 θόρυβον’
402 227 535 284 απίκοντο
562 224 635 284 ὥστε
656 225 782 284 ἔνιοι
742 250 797 284 των
824 231 993 304 στρατηγῶν

187 314 249 376 ουδὲ
263 316 443 392 κυρωθῆναι”
431 340 527 426 εμενον
538 341 572 373 το
585 314 765 389 προκείμενον
783 317 907 423 πρῆγμα,
923 313 986 373 άλλ

187 405 214 467 ἔς
233 429 265 463 τε
284 404 334 466 τάς
354 407 421 478 νῆας
442 402 602 470 ἐσέπιπτον,
628 427 674 460 και
663 401 817 460 ἱστία
799 402 925 478 αείροντο
953 403 993 468 ὥς

188 491 421 568 ἀποθευσόμενοι·
457 491 535 550 τοῖσί
562 516 594 548 τε
624 485 872 564 υπολειπομένοισι
900 490 993 553 αὐτῶν

189 580 312 657 ἐκυρώθη
325 579 382 656 πρό
394 584 444 638 τοῦ
454 577 575 654 Ἰσθμοῦ
582 579 756 656 ναυμαχέειν·
768 577 818 647 ια’νξ
828 603 859 638 τε
873 581 987 659 ε’γίνετο,

188 669 233 727 καὶ
254 667 289 738 οἳ,
306 667 480 729 διαλυθέντες
499 673 529 725 ἔκ
546 670 597 725 τοῦ
617 665 768 743 συνεδρίου,
792 668 941 742 ἐσέβαινον
962 674 993 732 ές

138 757 238 820 57τάς
257 761 333 831 νῆας.
375 755 514 814 Ἐνθαῢτα
540 754 573 829 δή
601 753 797 830 Θεμιστοκλέα
820 754 992 832 α’πικόμενον

189 845 234 904 ε’πὶ
253 844 305 918 τήν
323 848 377 918 νῆα
394 844 484 920 εἴρετο
500 843 693 918 Μνησίφιλος,
710 841 782 921 α’νῆρ
798 843 954 918 Ἀθηναῖος,
971 842 988 902 ὅ

186 959 214 992 τι
228 938 283 1008 σφι
297 932 342 1007 εἴη
351 932 580 1008 βεβουλευμένον
584 957 591 999 ;
608 929 765 1008 πυθόμενος
778 932 807 990 δὲ
820 932 889 1006 πρός
903 931 992 990 αὐτοῦ

188 1020 223 1084 ὦς
237 1023 281 1096 εἴη
292 1020 458 1102 δεδογμένον
471 1019 584 1101 α’νάγειν
592 1019 642 1082 τάς
652 1023 720 1093 ιτῐας
729 1018 857 1096 πρὸςτὸν
870 1020 992 1096 Ἰσθμόν

187 1110 233 1168 καὶ
246 1109 304 1186 πρά
314 1113 364 1184 τῆς
378 1108 604 1183 Πελοποιστήσου
614 1108 787 1185 ναιηιαχέειν,
799 1107 867 1166 εἶπε·
885 1120 901 1144 “
911 1107 988 1169 οὗτοι

188 1197 244 1275 άρα
264 1197 301 1274 ἢν
322 1197 462 1274 άπαίριοσι
483 1195 533 1259 τάς
556 1199 623 1271 νῆας
644 1195 700 1255 άπά
725 1197 895 1272 Σαλαμῖνος,
924 1199 987 1274 περὶ

189 1285 317 1363 οὐδεμιῆς
334 1287 375 1345 ἔτι
387 1285 519 1360 πατρίδος
532 1283 732 1362 ναυμαχήσεις·
754 1284 823 1344 κατά
837 1285 892 1365 γάρ
905 1285 990 1350 πόλις

189 1375 303 1434 ἔκαστοι
328 1375 486 1451 τρέψονται
523 1373 569 1431 καὶ
596 1371 659 1432 οὔτε
686 1373 779 1448 σφέας
811 1372 992 1450 Εὐρυβιάδης

188 1464 314 1541 κατέχειν
332 1462 479 1538 δυνήσεται
495 1459 560 1520 οὗτε
576 1487 618 1524 τις
636 1460 789 1537 ἀνθρώπων
804 1458 900 1530 άλλος,
915 1462 992 1521 ὥστε

188 1549 222 1609 οὗ
237 1551 277 1627 μή
295 1550 530 1623 διασκεδασθῆναι
548 1548 601 1624 τήν
621 1549 764 1624 στρατιήν·
789 1549 941 1608 ἀπολέεταί
956 1575 990 1609 τε

188 1637 209 1713 ἤ
224 1637 331 1699 Ἑλλάς
349 1637 514 1714 ἀβουλίῃσι.
556 1637 621 1695 ἄλλ’
640 1638 665 1695 εἴ
680 1663 724 1700 τις
739 1639 800 1696 ἐστὶ
813 1637 934 1716 μηχαιη,
949 1639 990 1698 ἴθι

191 1725 237 1783 καὶ
259 1751 344 1801 πειρω
332 1725 526 1801 δαχέαι
492 1751 527 1782 τα
547 1725 810 1801 βεβουλευμένα,”
791 1752 826 1800 ην
850 1752 901 1788 κως
921 1725 991 1805 δίνη

187 1811 346 1893 ἀναγνῶσαι
377 1811 555 1889 Εὐρυβιάδεα
586 1812 936 1889 μεταβουλευσασθαι,
915 1840 991 1873 ωστε

140 1900 224 1960 58
188 1904 274 1960 αυτοῦ
286 1901 418 1978 μενέεινῗ
459 1900 559 1978 Κάρτσ
572 1901 607 1976 δη
619 1927 659 1978 τῳ
644 1899 890 1977 Θεμιστοκλει”
871 1927 957 1978 ηρεσε
969 1929 988 1978 η

188 1988 328 2065 τ’τποθηκη·
355 1991 400 2048 καὶ
424 1988 506 2048 οὗδέν
523 2015 596 2066 προς
616 2013 704 2048 ταυτα
727 1987 964 2067 άμευμόμενος,”
944 1998 992 2065 ηἴε

188 2078 233 2137 ε’πῖ
253 2077 307 2153 την
327 2081 381 2154 νῆα
401 2077 454 2153 τὴν
474 2076 663 2154 Εὐρυβιάδεω·
693 2076 858 2152 α’πικόμενος
885 2077 914 2136 δὲ
933 2079 991 2153 ἔφη

191 2167 283 2226 θέλειν
300 2169 326 2225 οἶ
343 2165 435 2224 κοινόν
452 2191 480 2224 τι
498 2169 615 2245 πρῆγμα
630 2165 775 2240 συμμίξαι·
798 2165 851 2224 ὁδ’
864 2164 948 2224 αὐτόν
962 2172 992 2228 ἐς

186 2254 239 2331 τὴν
252 2281 305 2330 νηα
319 2255 429 2312 ε’κέλευε
440 2253 567 2328 ἐσβάντα
580 2253 673 2332 λέγειν
687 2253 712 2310 εἴ
723 2279 751 2311 τι
765 2254 850 2312 θέλει
870 2255 992 2312 ἐνθαῦτα

188 2342 205 2402 ό
224 2344 434 2418 Θεμιστοκλέης
450 2339 634 2416 παριζόμενός
655 2343 681 2398 οἱ
701 2343 848 2420 καταλέγει
865 2341 940 2399 κεῖνά
959 2368 993 2401 τε

188 2430 279 2488 πάντα
298 2429 333 2488 τά
354 2429 459 2503 ἤκουσε
481 2428 712 2502 Μνησιφίλου,
698 2432 797 2487 εωυτοΰ
818 2427 990 2503 ποιεόμενος,

189 2543 234 2576 και
225 2516 326 2574 ἄλλα
343 2515 440 2573 πολλά
455 2515 659 2590 τροστιθείς’
647 2541 675 2576 ες
688 2541 703 2574 ο
718 2514 858 2596 άνεγνωσε
870 2517 991 2593 χρηιζων
1008 2570 1017 2585 s

189 2607 218 2663 ἔκ
230 2630 262 2663 τε
274 2608 324 2679 τῆς
338 2603 402 2678 νηός
416 2604 533 2678 ε’κβηναι
548 2604 656 2671 συλλέξ
640 2604 684 2671 ξαι
697 2629 727 2661 τε
740 2628 807 2665 τους
815 2629 993 2682 στρατηγους

141 2698 178 2754 59
189 2699 216 2755 ἐς
233 2693 266 2751 τὰ
286 2691 439 2766 συνέδριον.
480 2691 529 2753 Ὡς
543 2690 572 2749 δὲ
585 2689 638 2766 ἄρα
652 2691 873 2768 συνελέχθησαν,
888 2693 955 2767 πρὶν
973 2691 992 2767 ἢ

188 2780 239 2839 τόν
261 2779 438 2854 Εὐρυβιάδεα
459 2779 603 2855 προθεῖναι
630 2777 679 2836 τόν
706 2778 795 2857 λόγον
819 2783 874 2837 uzu
902 2778 992 2836 εἵνεκα

189 2869 331 2949 συνήγαγε
341 2869 405 2929 τούς
419 2866 602 2947 στρατηγοῦς,
612 2865 701 2928 πολὺς
711 2865 745 2940 ἦν
756 2865 773 2924 ά
783 2867 993 2942 Θεμιστοκλέης

190 2963 218 3017 ἓν
238 2960 314 3016 τοῖσι
334 2956 456 3036 λόγοισι,
471 2954 515 3012 οἷα
534 2953 622 3028 κάρτα
643 2952 780 3029 δεόμενος·
809 2955 941 3034 λέγοντος
963 2955 993 3014 δὲ

189 3044 284 3115 αὐτοῦ,
297 3044 312 3104 ό
327 3044 475 3119 Κορίνθιος
485 3041 642 3120 στρατηγός
651 3039 830 3114 Ἀδείμαντος
844 3042 859 3101 ό
873 3041 993 3101 Ὠκύτου

190 3132 259 3192 εἶπε·
291 3131 340 3189 “ὦ
358 3128 570 3204 Θεμιστόκλεες,
589 3134 617 3185 ἔν
634 3133 711 3187 τοῖσι
730 3128 821 3207 α’γῶσι
836 3133 862 3188 οἶ
875 3131 992 3204 προεξα-

132 3236 134 3244 “
192 3219 353 3295 νιστάμενοι
366 3214 552 3292 ῥαπίζονται’”
574 3213 591 3271 0‘
604 3215 633 3272 δὲ
647 3213 839 3287 ἀπολυόμενος
852 3219 917 3290 ἔφη·
939 3228 957 3250 “
966 3222 992 3274 οἱ

143 3305 182 3364 60
190 3305 222 3363 δέ
243 3331 276 3384 γε
303 3299 568 3383 ἐγκαταλειπόμενοι
594 3299 626 3358 οὐ
652 3301 880 3374 στεφανεῦνται.”
922 3303 992 3360 Τότε
