2262 3534
8 1 12 5 ’

146 187 287 254 ιιι-ιιι]
457 189 645 240 κΑΛΛιοΠΗ.
895 191 942 238 335

143 273 199 328 τιῦν
218 269 314 331 ἄλλων
333 273 388 332 τιῦν
405 270 577 347 περιοικίδων
598 267 644 328 καί
660 268 694 345 δὴ
710 269 756 329 καὶ
773 273 804 328 ἐκ
820 269 944 346 Καρδίης

145 360 244 423 πόλιος
261 358 409 436 Οἰόβαζος,
427 358 496 435 α’νηρ
512 360 635 435 Πέρσης,
649 357 680 421 ὃς
692 356 728 417 τά
742 363 772 416 ἐκ
787 361 841 416 τῶν
857 365 943 438 γεφυ-

143 451 213 527 ρέων
232 448 308 507 ὅπλα
330 449 447 506 ἐνθαῦτα
462 445 497 522 ἦν
508 445 674 523 κεκομικώς·
700 445 775 524 εἶχον
794 445 823 504 δὲ
840 445 943 521 ταύτην

144 536 287 615 ἐπιχώριοι
304 536 425 603 Αἰολέες,
443 539 572 609 συνῆσαν
590 534 619 593 δὲ
637 534 748 609 Πέρσαι
769 559 800 592 τε
821 533 867 591 καὶ
888 537 943 592 τιῦν

143 623 239 684 ἄλλων
255 623 412 702 συμμάχων
430 623 534 701 συχνός
550 623 658 699 ὅμιλος.
698 621 875 698 Ἐτυράννευε
893 621 922 680 δὲ
933 623 988 680 116

142 712 242 772 τοῦτου
254 715 305 772 τοῦ
323 713 409 787 νομοῦ
423 712 531 788 Ξέρξεω
543 711 668 790 ὕπαρχος
680 708 857 787 Ἀρταΰκτης,
872 709 941 786 ἀνὴρ

142 801 194 876 μὲν
208 802 331 878 Πέρσης,
346 799 433 862 δεινός
450 800 480 859 δὲ
499 800 545 858 καὶ
558 798 730 861 ἀτάσθαλος·
752 797 782 861 ὃς
795 799 841 856 καὶ
854 799 939 874 βασι-

142 888 196 946 λέα
223 873 374 948 ἐλαῦνοντα
398 887 439 947 ἐπ’
466 886 586 964 Ἀθήνας
610 887 776 964 ἐξηπάτησε,
799 888 834 947 τά
862 893 942 963 Πρω-

141 977 261 1036 τεσίλεω
279 980 329 1036 τοῦ
342 976 471 1052 Ἰφίκλου
484 976 616 1054 χρήματα
632 976 663 1044 ἐξ
678 975 857 1038 Ἐλαιοῦντος
875 975 942 1050 ῦφε-

142 1064 270 1141 λόμενος·
299 1070 328 1124 ἐν
349 1065 403 1145 γάρ
424 1063 583 1124 Ἐλαιοῦντι
598 1068 649 1139 τῆς
671 1063 856 1140 Χερσονήσου
878 1062 940 1122 ἐστὶ

144 1153 330 1230 Πρωτεσίλεω
346 1153 437 1228 τάφος
452 1179 483 1211 τε
501 1154 547 1212 καὶ
562 1153 674 1230 τέμενος
691 1153 754 1230 περὶ
771 1152 860 1224 αὐτόν,
876 1153 904 1209 ἐν
922 1178 941 1210 α

142 1239 177 1316 ἦν
189 1242 321 1320 χρήματα
333 1241 438 1311 πολλά,
450 1242 496 1300 καὶ
507 1240 610 1317 φιάλαι
619 1240 737 1320 Ιχρύσεαι
746 1241 791 1299 καὶ
801 1239 940 1321 άργῦρεαι,

143 1329 189 1388 καὶ
209 1330 324 1408 χαλκός,
347 1330 393 1388 καὶ
420 1329 514 1406 ἐσθής,
536 1331 582 1388 καὶ
606 1329 683 1387 ἄλλα
704 1327 876 1405 ἀναθήματα,
902 1328 938 1388 τά

141 1417 311 1496 Ἀρταΰκτης
338 1417 470 1494 ἐσύλησε,
491 1418 630 1494 βασιλέος
657 1417 762 1480 δόντος·
795 1418 884 1497 λέγων
910 1416 940 1476 δὲ

142 1506 235 1566 τοιάδε
249 1507 353 1584 Ξέρξεα
370 1505 529 1582 διεβάλετο·
551 1517 568 1542 “
577 1507 709 1578 δέσποτα,
729 1507 790 1565 ἐστι
808 1505 882 1567 οἶκος
895 1505 940 1564 άν-

143 1594 207 1670 δρός
214 1593 355 1672 Ἕλληνος
368 1596 495 1666 ἐνθαῦτα,
509 1595 539 1658 ὃς
552 1594 597 1653 ἐπὶ
610 1598 664 1675 γῆν
677 1593 728 1668 τὴν
742 1594 796 1670 σὴν
810 1619 940 1669 στρατευ-

143 1680 272 1758 σάμενος,
285 1684 361 1760 δίκης
375 1683 497 1760 κυρήσας
507 1682 637 1742 α’πέθανε·
658 1681 756 1742 τοῦτου
769 1709 819 1759 μοι
833 1681 880 1744 δός
892 1681 941 1742 τόν

143 1770 227 1841 οἶκον,
249 1772 293 1831 ἵνα
314 1773 362 1830 καί
377 1797 418 1834 τις
436 1772 513 1850 μάθῃ
532 1771 577 1830 ἐπὶ
593 1775 647 1849 γῆν
663 1771 714 1846 την
730 1769 786 1846 σην
801 1770 841 1848 μή
855 1795 940 1847 στρα-

143 1858 297 1919 τεῦεσθαι·”
312 1865 399 1920 ταῦτα
412 1862 509 1940 λέγων,
525 1859 656 1922 εὐπετέως
669 1861 771 1935 ἔμελλε
780 1858 941 1918 α’ναπείσειν

143 1946 247 2022 Ξέρξεα
260 1948 353 2008 δοῦναι
366 1947 465 2025 άνδρός
479 1948 562 2016 οἶκον,
577 1947 655 2007 οῦδὲν
667 1947 878 2022 ὑποτοπηθέντα
886 1950 941 2006 τκῦν

143 2038 244 2099 ἐκεῖνος
258 2036 381 2112 ἐφρόνεε·
399 2038 444 2095 ἐπὶ
457 2040 512 2117 γῆν
525 2036 615 2110 δὲτὴν
625 2035 764 2111 βασιλέος
774 2033 941 2110 στρατεύεσ-

142 2124 190 2182 θαι
210 2126 412 2202 Πρωτεσίλεων
432 2125 519 2206 ἔλεγε,
539 2124 622 2183 νοέων
642 2121 743 2182 τοιοίδε·
770 2121 821 2198 την
840 2121 941 2197 Ἀσίην

142 2215 239 2272 πᾶσαν
255 2215 398 2290 νομίζουσι
417 2216 522 2272 ἑωυτῶν
539 2211 608 2271 εἶναι
624 2212 744 2288 Πέρσαι,
760 2210 805 2268 καὶ
821 2213 870 2268 τοῦ
887 2209 940 2268 αἰεὶ

141 2300 354 2376 βασιλεύοντος·
376 2301 435 2359 ἐπεὶ
452 2300 481 2358 δέ
500 2300 581 2376 ἐδόθη
598 2299 634 2358 τά
651 2298 791 2376 χρήματα,
807 2299 837 2367 ἐξ
848 2296 942 2355 Ἐλαι-

142 2392 238 2452 οῦντος
252 2395 279 2451 ἐς
293 2388 406 2464 Σηστόν
420 2387 582 2463 ἐξεφόρησε,
598 2387 643 2444 καὶ
655 2385 688 2458 τό
701 2387 812 2462 τέμενος
831 2387 941 2463 ἔσπειρε

142 2477 188 2535 καὶ
206 2478 326 2554 ἐνέμετο·
349 2475 432 2538 αῦτός
449 2501 479 2534 τε
498 2475 566 2537 ὅκως
585 2473 712 2534 άτίκοιτο
726 2480 753 2537 ἐς
766 2473 940 2546 Ἐλαιοῦντα,

142 2570 171 2623 ἐν
183 2569 222 2644 τῷ
234 2563 324 2644 ἀδύτῳ
336 2564 446 2646 γυναιξὶ
460 2563 601 2644 ἐμίσγετο.
636 2562 699 2623 τότε
710 2563 739 2622 δὲ
748 2563 941 2640 ἐπολιορκέετο

143 2651 196 2712 ῦπό
209 2652 369 2730 Ἀθηναίων,
385 2651 448 2712 οὔτε
461 2651 723 2729 παρεσκευασμένος
738 2656 764 2714 ἐς
777 2652 941 2728 πολιορκίην

142 2739 205 2801 οῦτε
227 2741 449 2819 προσδεκόμενος
471 2740 535 2803 τοῦς
551 2739 703 2815 Ἕλληνας·
736 2739 888 2820 ἀφυλάκτῳ
912 2739 943 2798 δέ

143 2855 194 2892 κως
204 2829 277 2907 αὐτῷ
285 2831 431 2888 ἐπέπεσον.
461 2828 542 2888 Ἐπεὶ
553 2829 581 2887 δὲ
595 2829 858 2904 πολιορκεομένοισί
867 2833 922 2902 σφι
932 2825 989 2888 117

142 2916 320 2993 φθινόπωρον
341 2918 490 2997 ἐπεγίνετο,
514 2918 558 2974 καὶ
579 2916 730 2994 ἤσχαλλον
752 2917 778 2974 οἱ
792 2915 943 2990 «Ἀθηναῖοι

142 3003 198 3062 άπό
215 3029 246 3062 τε
264 3008 314 3078 τῆς
332 3008 436 3063 ἑωυτῶν
454 3004 657 3080 ἀποδημέοντες
678 3005 723 3061 καὶ
744 3002 777 3062 οῦ
798 3002 942 3078 δυνάμενοι

142 3091 248 3160 ἐξελεῖν
268 3091 301 3150 τό
321 3096 421 3170 τεῖχος,
441 3092 549 3151 ἐδέοντό
569 3117 600 3150 τε
621 3096 675 3150 τῶν
691 3093 855 3168 στρατηγῶν
874 3088 942 3152 ὅκως

142 3178 277 3260 άπόγοιέν
299 3185 391 3254 σφεας
409 3178 508 3248 ὀπίσω,
532 3182 559 3238 οἱ
580 3179 610 3237 δὲ
632 3178 681 3236 οῦκ
703 3180 821 3252 ἔφασαν,
839 3177 905 3253 πρὶν
924 3173 943 3252 ἢ

143 3269 261 3337 ἐξέλωσι
273 3265 291 3342 ἢ
303 3267 336 3326 τό
349 3263 502 3342 Ἀθηναίων
516 3266 607 3327 κοινόν
617 3271 709 3342 σφεας
718 3265 942 3343 μεταπέμψηται·

143 3354 213 3416 οὕτω
227 3355 261 3433 δὴ
271 3355 405 3437 ἔστεργον
417 3353 453 3414 τά
467 3353 614 3431 παρεόντα.
658 3356 694 3412 Οῑ
708 3351 730 3412 δ’
745 3357 774 3412 ἐν
787 3357 825 3433 τῷ
837 3353 924 3433 τείχεϊ
934 3352 990 3413 118
