2262 3534
179 139 229 186 310
481 175 484 180 .
499 137 672 186 ΗΡΟΔΟΤΟΤ
918 138 978 203 [IX.

179 217 276 296 ε’πεῖχέ
289 241 321 275 τε
339 215 385 275 ἐπὶ
402 216 637 293 λακεδαιμονίους
653 241 684 276 τε
703 216 749 276 καὶ
762 215 902 297 Τεγεήτας
914 219 981 294 μού-

179 330 251 366 νους·
272 303 434 379 Ἀθηναίους
449 304 505 384 γάρ
521 305 711 380 τραπομένους
727 309 754 366 ἐς
767 303 800 364 τό
814 304 909 365 πεδίον
925 305 980 367 ὑπό

178 396 233 452 τῶν
246 392 337 472 ὄχθων
350 391 383 451 οὗ
400 390 519 469 κατώρα·
542 393 656 469 Πέρσας
670 392 699 450 δὲ
712 391 836 468 ὁρέοντες
855 392 981 470 ώρμημέ-

181 506 244 544 νους
261 481 366 540 διώκειν
386 479 451 544 τούς
463 480 607 556 Ἕλληνας
621 482 647 538 οἶ
663 481 759 538 λοιποὶ
771 483 826 540 τοῖν
839 483 980 558 βαρβαρι-

181 573 236 628 κοῖν
248 570 350 628 τελέων
365 568 507 647 ἄρχοντες,
518 568 616 626 αὐτίκα
625 567 726 632 πάντες
734 567 805 646 ἦραν
815 569 850 628 τά
861 571 978 646 σημήῖα,

179 658 224 716 καὶ
249 657 361 717 ἐδίωκον
383 655 420 718 οἷς
439 657 531 715 ποδῶν
552 657 669 719 ἕκαστος
690 656 781 735 εἶχον,Ι
797 655 860 717 οὔτε
883 657 981 739 κόσμῳ

179 743 268 804 οὐδενὶ
286 746 473 821 κοσμηθέντες
491 743 554 802 οὕτε
570 743 641 813 τάξι·
664 745 709 802 καὶ
723 743 800 804 οὗτοι
813 747 864 820 μὲν
877 747 936 824 βοῇ
949 773 980 808 τε

178 835 225 890 καὶ
251 833 343 911 όμίλιρ
370 831 498 908 ε’πήϊσαν,
521 831 556 895 ώς
579 831 806 909 ἀναρπασόμενοι
829 831 893 896 τούς
910 833 980 894 Ἐλ-

178 923 275 995 ληνας.
707 977 709 981 ,

130 1009 170 1067 60
219 1009 384 1085 Παυσανίης
407 1009 444 1083 δὲ,
468 1009 503 1072 ώς
524 1009 690 1085 προσέκειτο
711 1009 730 1086 ή
754 1010 845 1078 ἵππος,
866 1010 979 1088 πέμψας

177 1097 248 1174 πρός
271 1097 336 1160 τοῖς
362 1097 525 1173 Ἀθηναίους
543 1097 628 1155 ἱππέα
649 1098 727 1178 λέγει
747 1097 822 1157 τάδε·
856 1097 979 1176 “άνδρες

176 1183 329 1262 Ἀθηναῖοι,
350 1185 456 1266 οἷγιῖνος
475 1186 612 1266 μεγίστου
632 1187 813 1262 προκειμένου
831 1188 979 1263 ἐλευθέρην

178 1273 275 1351 εἶναιή
289 1275 497 1351 δεδουλωμένην
506 1274 559 1349 τήν
571 1273 704 1342 Ἑλλάδα,
719 1274 910 1351 προδεδόμεθα
923 1275 977 1335 ὑπό

177 1365 232 1422 τῶν
250 1362 408 1442 συμμάχων
425 1362 504 1438 ήμεῖς
521 1388 553 1421 τε
571 1366 597 1421 οί
615 1361 828 1437 λακεδαιμόνιοι
843 1363 888 1420 καὶ
901 1363 978 1438 ὑμεῖς

178 1453 205 1508 οί
222 1441 373 1525 Ἀθηναῖοι,
387 1449 442 1509 ὑπό
461 1450 512 1525 τήν
530 1451 737 1528 παροιχομένην
754 1448 839 1511 νιίκτα
853 1450 977 1527 διαδράν-

176 1563 239 1597 των·
269 1542 317 1597 νῦν
340 1537 376 1597 ὧν
399 1538 524 1597 δέδοκται
544 1537 577 1596 τό
601 1539 725 1598 ε’νθεῖντεν
747 1538 877 1614 ποιητέον
900 1538 976 1615 ἡμῖν·

177 1623 364 1703 ἀμυνομένους
381 1626 436 1706 γὰρ
452 1630 487 1704 τῇ
505 1625 644 1701 δυνάμεθα
661 1624 764 1702 ἄριστα
777 1626 974 1702 περιστέλλειν

177 1711 330 1789 ἀλλήλους·
361 1718 384 1772 εἰ
404 1714 456 1788 μέν
477 1739 524 1772 νυν
546 1717 573 1775 ἒς
600 1712 685 1788 άμέας
710 1713 823 1790 ὥρμησε
847 1714 937 1792 άρχήν
958 1714 977 1791 ή

178 1801 269 1871 ἵππος,
285 1804 358 1878 χρῆν
376 1801 406 1858 δὲ
425 1799 513 1877 ἡμέας
530 1826 561 1859 τε
582 1802 627 1858 καὶ
647 1801 711 1864 τοῖς
730 1801 790 1877 μετ’
811 1801 903 1877 ήμέων
922 1802 975 1880 τήν

176 1887 302 1947 Ἑλλάδα
325 1887 357 1948 οὖ
379 1887 559 1966 προδιδόντας
586 1889 724 1970 Τεγεήτας
749 1890 881 1965 βοηθέειν
901 1889 975 1966 όμῖν·

177 1981 226 2036 νῦν
243 1977 280 2046 δὲ,
295 1982 322 2041 ἐς
339 1975 427 2053 ἡμέας
442 1976 497 2058 γάρ
513 1977 612 2037 ἅπασα
629 1977 776 2056 κεχώρηκε,
796 1976 900 2036 δίκαιοί
911 1983 976 2038 ἐστε

174 2064 254 2140 όμεῖς
273 2066 343 2142 πρός
363 2066 414 2142 τὴν
434 2066 598 2142 πιεζομένην
622 2065 750 2141 μάλιστα
775 2067 830 2124 τῶν
857 2067 976 2141 μοιρέων

176 2151 338 2230 ἀμυνέοντες
361 2156 435 2214 ἰέναι.
479 2157 503 2212 εἰ
524 2152 546 2211 δ’
568 2152 622 2229 άρα
638 2151 737 2216 αὐτοῖς
756 2151 841 2229 όμέας
861 2157 976 2212 καταλε-

175 2241 287 2318 λάβηκε
309 2241 444 2302 άδόνατόν
465 2268 493 2302 τι
514 2242 652 2347 βοηθέειν,
676 2240 754 2316 ὑμεῖς
776 2239 799 2299 δ’
821 2240 889 2316 ἡμῖν
911 2241 975 2305 τοῖς

174 2330 289 2399 τοξότας
303 2329 517 2407 ἀποπέμψαντες
530 2328 612 2407 χάριν
630 2329 724 2388 θέσθε.
766 2329 932 2405 συνοίδαμεν
946 2329 976 2389 δὲ

174 2417 238 2493 ὑμῖν
251 2417 350 2477 ὑπό
319 2443 368 2476 τον
381 2417 520 2494 παρεόντα
539 2415 618 2476 τόνδε
631 2415 785 2493 πόλεμον’
772 2421 851 2476 εοιῖσι
864 2416 974 2478 πολλάν

128 2503 509 2580 61προθυμοτάτοισι,”ωστε
522 2505 665 2563 καὶταῦτα
679 2504 842 2564 ε’σοκοιίειν.’
843 2505 973 2564 ’Ταῦτα

174 2595 201 2651 οἶ
213 2591 357 2668 Ἀθηναῖοι
371 2591 405 2654 ώς
419 2590 563 2660 ἐπύθοντο,
580 2591 709 2668 ώρμέοτο
722 2593 863 2669 βοηθέειν,
878 2595 924 2652 καὶ
939 2593 973 2652 τά

172 2679 301 2757 μάλιστα
317 2679 474 2758 ε’παμόνειν·
504 2681 553 2740 καί
566 2686 622 2755 σφι
643 2678 696 2756 ἤδη
721 2681 868 2759 στείχουσι
890 2683 973 2741 ε’πιτί·

174 2769 266 2828 θενται
286 2771 313 2827 οί
333 2767 543 2848 α’ντιταχθέντες
557 2766 702 2844 Ἑλλήνων
723 2772 778 2827 τῶν
798 2769 869 2845 μετά
888 2771 973 2844 βασι-

173 2857 238 2920 λέος
252 2858 418 2967 γενομένων,
440 2857 512 2918 ώστε
533 2858 632 2934 μηκέτι
655 2856 790 2917 δύνασθαι
817 2859 973 2933 βοηθῆσαι·

174 2945 207 3004 τό
223 2945 279 3026 γάρ
295 2945 496 3023 προσκείμενόν
515 2951 607 3020 σφεας
624 2945 733 3004 ἐλύπεε.
776 2971 847 3003 ουτω
861 2945 917 3021 δή
907 2971 974 3022 μου·

173 3034 302 3096 νωθέντες
325 3032 538 3109 Λακεδαιμόνιοι
562 3033 608 3090 καὶ
631 3037 815 3139 Τεγεήται,’
803 3033 893 3096 εόντες
920 3059 974 3092 συν

129 3123 131 3132 “
174 3125 286 3197 ψιλοῖσι
302 3121 459 3198 α’ριθμόνε
433 3147 460 3179 οι
473 3145 524 3196 μεν
537 3120 774 3195 πεντακισμύριοι,
789 3125 925 3201 Τεγεῆται
944 3121 974 3180 δε

172 3210 336 3286 τρισχίλιοι·
358 3207 501 3288 αὗταιγὰρ
521 3205 628 3283 οὐδαμά
641 3207 828 3286 ἀπεσχίζοντο
847 3208 902 3268 dmi
916 3215 972 3266 Aa·

173 3295 359 3371 κεδαιμονίων·
384 3293 590 3375 ἐσφαγιάζοπο
608 3293 644 3358 ώς
662 3296 874 3372 συμβαλέοντες
893 3301 972 3372 Μαρ-
