2268 3536
185 159 216 204 10
491 159 674 206 Ἧοοιοτου
936 159 979 226 [ν.

183 234 283 310 ὅμιλός
297 259 329 294 τε
343 234 455 298 πολλάς
471 238 522 312 μὲν
531 235 642 310 Ἕλλην
658 239 804 312 περιοικέει
820 239 931 302 πολλός
951 241 981 300 δὲ

182 323 340 400 βάρβαρος,
362 323 388 382 οἳ
408 325 571 401 προστάτεω
593 324 803 401 ἐπιλαβόμενοι,
825 329 980 403 ποιήσουσι

182 416 265 472 τοῦτο
283 413 316 472 τά
331 411 365 473 ἂν
379 417 466 478 κεῖνος
481 414 627 494 ἐξηγέηται
639 415 686 472 καὶ
697 414 802 491 ἡμέρης
816 419 862 476 καὶ
875 419 981 484 νυκτός·

181 500 220 561 σύ
232 525 280 564 νυν
293 506 392 562 τοῦτον
405 501 455 562 τὸν
465 501 551 578 ἄνδρα
560 505 671 562 παῦσον
682 507 770 562 ταῦτα
783 509 922 577 ποιεῦντα,
939 510 981 568 ἵνα

180 589 221 668 μή
238 593 331 671 οίισγίῳ
350 593 465 670 πολέμῳ
485 591 630 668 συνέχηαι·
653 591 748 671 τρόπῳ
763 593 792 650 δὲ
810 591 884 672 ἠπίῳ
899 621 981 670 μετα-

180 681 361 758 πεμψάμενος
392 684 512 740 παῦσον·
541 679 625 740 ε’πεάν
649 681 679 740 δὲ
699 679 783 741 αὐτὰν
814 683 980 764 περιλάβῃς,

180 771 284 828 ποιέειν
304 768 373 831 ὅκως
393 769 492 845 μηκέτι
514 773 601 832 κεῖνος
620 774 646 831 ές
662 768 807 845 Ἕλληνας
827 769 980 841 άπίξεται.”

132 860 171 915 24
180 861 274 916 Ταῦτα
287 856 377 936 λέγων
390 855 407 914 o‘
421 856 594 936 Μεγάβαζος
604 857 736 921 εὐπετέως
750 859 841 919 ἔπειθε
852 865 980 938 Δαρεῖον,

180 944 215 1006 ὥς
238 944 268 1003 εὖ
295 945 435 1021 προορέων
461 944 494 1004 τὸ
520 946 629 1021 μέλλον
656 947 791 1026 γίνεσθαι.
842 949 914 1026 μετά
941 951 978 1021 δέ,

180 1031 302 1113 άγγελον
320 1033 433 1111 πέμψας
449 1032 465 1092 ὁ
484 1038 603 1110 Δαρεῖος
620 1039 647 1097 ἐς
666 1034 717 1110 τήν
738 1035 881 1113 Μύρκινον
902 1040 981 1120 ἔλεγε

178 1122 253 1181 τάδε·
277 1122 426 1195 “Ἱστιαῖε,
446 1122 585 1199 βασιλεύς
604 1127 722 1200 Δαρεῖος
735 1124 801 1184 τάδε
814 1127 901 1207 λέγει·
927 1129 981 1208 ε’γο)

179 1213 332 1288 φροντίζων
341 1209 459 1289 εύρίσκω
470 1213 535 1289 ἐμοί
542 1237 572 1272 τε
584 1213 629 1272 καὶ
639 1217 716 1273 τοῖσι
727 1218 821 1292 ἐμοῖσι
831 1215 980 1297 πρήγμασι

178 1301 275 1362 οὐδένα
296 1301 364 1362 εἶναι
385 1305 437 1361 σεῦ
457 1300 543 1380 ἄνδρα
564 1301 750 1380 εὐνοέστερον·
781 1308 864 1363 τοῦτο
891 1305 921 1362 δὲ
947 1303 979 1360 ού

177 1390 300 1472 λύγοισι,
315 1390 380 1450 ἀλλ’
395 1387 503 1472 ἔργοισι
522 1391 584 1450 οἶδα
597 1393 702 1468 μαθών.
744 1395 792 1450 νῦν
807 1390 851 1458 ὧν,
866 1389 978 1446 ε’πινοέω

176 1478 231 1558 γάρ
244 1481 396 1558 πρήγματα
409 1479 522 1559 μεγάλα
541 1478 778 1557 κατεργάσασθαι,
798 1474 911 1532 α’πικνέο
930 1499 978 1549 μοι

176 1565 294 1634 πάντως,
317 1566 360 1624 ἵνα
380 1591 424 1623 τοι
443 1564 513 1623 αὐτά
534 1561 735 1640 ὕπερθέωμαι·”
759 1559 886 1620 τούτοισι
902 1565 979 1620 τοῖσι

177 1655 256 1712 ἔπεσι
276 1652 431 1716 πιστεύσας
450 1652 467 1712 o‘
487 1651 628 1720 Ἱστιαῖος,
648 1651 694 1708 καὶ
715 1648 773 1725 ἅμα
793 1649 867 1729 μέγα
887 1650 977 1709 ποιεύ-

176 1768 258 1818 μενος
270 1742 409 1818 βασιλέος
423 1740 591 1817 σύμβουλος
604 1739 744 1819 γενέσθαι,
760 1736 875 1797 ἀπίκετο
889 1742 916 1800 ές
929 1737 978 1802 τάς

177 1831 286 1908 Σάρδις·
308 1829 465 1908 ἀπικομένῳ
484 1828 515 1886 δέ
533 1830 559 1885 οἱ
574 1828 653 1906 ἔλεγε
668 1829 786 1902 Δαρεῖος
798 1825 873 1884 τάδε·
896 1826 978 1885 “Ἱσ-

174 1923 254 1989 τιαῖε,
271 1917 325 2000 ε’γοί
343 1943 377 1976 σε
392 1915 613 1993 μετεπεμψάμην
633 1915 718 1974 τῶνδε
736 1915 845 1974 εἵνεκεν·
870 1916 932 1974 ε’πεί
947 1941 978 1974 τε

176 2008 299 2086 τάχιστα
317 2005 459 2079 ἐνόστησα
478 2001 535 2062 οἷπό
554 2003 680 2064 Σκυθέων
697 2003 743 2061 καὶ
761 2002 798 2061 σύ
819 2029 868 2080 μοι
886 2005 978 2084 ἐγένεο

177 2098 208 2166 ἐξ
221 2097 386 2172 ὀφθαλμῶν,
401 2091 480 2151 οὗδέν
494 2117 531 2149 κω
546 2089 621 2150 ἄλλο
633 2095 731 2170 χρῆμα
746 2090 816 2150 οὕτω
830 2097 859 2151 έν
871 2093 978 2170 βραχέῖ

175 2183 332 2260 ἐπεζήτησα
347 2180 383 2242 ὦς’
395 2183 429 2238 σὲ
445 2179 523 2239 ἰδέειν
536 2206 567 2240 τε
581 2180 627 2238 καὶ
641 2185 668 2243 ές
681 2179 785 2261 λόγους
798 2206 847 2256 μοι
861 2179 978 2240 α’πικέσ-

175 2274 231 2332 θαι·
253 2269 374 2351 ε’γνωκώς
388 2268 430 2329 ὅτι
445 2269 592 2346 κτημάτων
609 2267 719 2329 πάντων
733 2269 796 2327 ἐστὶ
811 2267 977 2345 τιμιώτατον

173 2360 244 2436 άνήρ
266 2361 351 2435 φίλος
371 2358 486 2422 συνετός
504 2385 535 2418 τε
555 2359 601 2418 καὶ
618 2357 720 2422 εὔνοος·
744 2357 779 2417 τά
795 2383 838 2418 τοι
858 2357 911 2438 ε’γώ
932 2361 977 2416 καὶ

173 2447 319 2525 ἀμφύτερα
338 2447 468 2510 συνειδῶς
486 2449 539 2526 ἔχω
557 2448 720 2524 μαρτυρέειν
734 2452 761 2509 ές
775 2447 928 2528 πρήγματα
940 2445 976 2504 τά

174 2536 237 2613 ε’μά.
278 2539 327 2595 νῦν
341 2535 385 2606 ὦν,
400 2535 429 2595 εὖ
443 2535 498 2616 γάρ
513 2537 649 2610 ἐποίησας
662 2534 838 2611 ἀπικόμενος,
852 2534 919 2592 τάδε
932 2559 978 2592 τοι
1019 2593 1021 2596 ,

174 2623 228 2706 ε’γῶ
236 2625 424 2702 προτείνομαι·
442 2625 573 2699 Μίλητον
586 2625 637 2699 μὲν
651 2624 682 2680 ἔα
696 2623 741 2680 καὶ
755 2622 806 2696 τήν
816 2620 978 2681 νεόκτιστον

174 2719 203 2773 έν
216 2714 322 2791 Θρηίκη
335 2713 430 2772 πόλιν·
451 2712 489 2772 σύ
503 2712 526 2771 δ’
541 2711 602 2789 ε’μοὶ
622 2711 754 2788 ἑπόμενος
768 2715 795 2772 ἐς
809 2713 916 2780 Σοῦσα,
931 2711 978 2788 ἔχε

175 2802 263 2879 τάπερ
279 2799 318 2860 κᾶν
335 2799 389 2882 ἐγώ
407 2803 469 2880 ἔχω,
484 2800 549 2877 ε’μός
568 2825 598 2860 τε
615 2799 754 2862 σύσσιτος
773 2798 825 2858 ε’ὠν
842 2799 887 2857 καὶ
906 2799 977 2875 σύμ-

126 2893 163 2948 25
175 2887 308 2966 βουλος.”
350 2894 444 2948 Ταῦτα
468 2892 587 2965 Δαρεῖος
608 2888 694 2958 εἶπας,
722 2889 768 2946 καὶ
796 2887 978 2963 καταστήσας

172 2978 363 3056 Ἀρταφέρνεα
381 2976 522 3053 ἀδελφεόν
541 2979 643 3036 ἑωυτοῦ
662 2975 836 3054 ὁμοπάτριον
850 2974 977 3053 ὕπαρχον

173 3067 242 3128 εἶναι
264 3067 396 3143 Σαρδίων,
418 3065 563 3140 ἀπήλαυνε
585 3070 611 3128 ές
633 3067 739 3134 Σοῦσα,
761 3063 819 3141 ἅμα
841 3062 977 3144 ἀγόμενος

171 3157 306 3217 Ἱστιαῖον
319 3155 438 3216 Ὀτάνεα
457 3155 487 3214 δὲ
505 3153 641 3222 ἀποδέξας
661 3151 821 3232 στρατηγόν
840 3152 977 3210 εἶναιτῶν

173 3247 416 3324 παραθαλασσίων
434 3243 549 3321 ἀνδρῶν·
571 3247 621 3301 τοῦ
639 3242 688 3300 τὸν
704 3243 811 3317 πατέρα
831 3239 977 3313 Σισάμνην

170 3332 314 3409 βασιλεύς
331 3331 495 3408 Καμβύσης
512 3330 661 3408 γενόμενον
677 3335 731 3389 τάν
749 3325 919 3405 βασιληίων,
934 3323 975 3400 Ιδι-
