2278 3538
160 162 300 228 ιιι-τοο]
486 166 639 218 omnm.
909 167 956 220 ιιι

160 244 250 318 θύμως
264 243 423 306 συντίθεται
435 245 589 322 προδοσίην
601 245 761 324 Τιμόξεινος
774 246 791 306 ό
805 251 860 307 τοῖν
874 248 958 311 Σκιω-

160 331 241 390 ναίων
263 332 429 413 στροτηγός·
453 331 547 394 ὅντινα
564 337 616 408 μὲν
632 334 737 411 τρόπον
757 334 854 412 α’ρχήν,
874 336 960 416 ἔγωγε

161 418 210 477 οὐκ
231 421 284 498 ἔχω
306 424 400 480 εἰπεῖν·
429 421 461 480 οὔ
481 421 536 502 γάρ
558 421 594 481 ὧν
614 423 736 503 λέγεται·
763 424 845 486 τέλος
864 425 960 498 μέντοι

160 507 252 566 τοιάδε
267 508 381 588 ε’γίνετο·
402 507 470 574 ὅκως
482 510 609 585 βυβλίον
622 509 738 589 γράψειε
756 508 774 586 ἢ
790 511 957 586 Τιμόξεινος,

161 596 264 655 ἐθέλων
291 596 368 673 παρά
394 595 570 673 Ἀρτάβαζον
596 599 714 674 πέμψαι,
741 596 760 672 ἢ
786 597 961 673 Ἀρτάβαζος

160 683 237 760 παρά
263 683 432 761 Τιμόξεινον,
457 685 625 760 τοξαίματος
649 684 725 760 παρά
748 686 798 748 τάς
820 686 961 766 γλυφίδας

161 772 376 848 περιειλίξαντες
390 772 435 832 καὶ
445 772 636 849 πτερώσαντες
645 772 678 832 τό
692 774 827 848 βυβλίον,
837 774 962 842 ἐτόξευον

163 867 189 922 ἐς
202 861 384 941 συγκείμενον
404 862 514 940 χωρίον.
537 861 668 924 ἐπάῖστος
685 862 714 920 δὲ
731 863 835 942 ἐγίνετο
849 863 864 921 ὁ
878 859 962 938 Τιμό-

163 950 248 1017 ξεινος
275 948 420 1024 προδιδοθς
446 949 497 1024 τήν
523 949 686 1009 Ποτίδαιαν·
721 950 838 1019 τοξεύων
864 951 918 1030 γάρ
945 947 962 1009 ό

162 1036 337 1114 Ἀρτάβαζος
351 1043 378 1100 ές
391 1036 424 1097 τό
438 1037 626 1118 συγκείμενον,
642 1036 772 1116 άμαρτεδν
791 1042 840 1097 τοῦ
859 1039 961 1116 χωρίου

162 1125 269 1198 τούτου,
292 1126 399 1201 βάλλει
420 1126 518 1203 άνδρὸς
534 1125 723 1201 Ποτιδαιήτεω
741 1126 790 1186 τόν
806 1125 890 1202 ὦμον·
913 1125 962 1186 τόν

163 1213 193 1272 δὲ·
205 1215 352 1290 βληθέντα
366 1215 531 1292 περιέδραμε
547 1212 654 1290 ὅμιλος,
668 1215 713 1272 οἶα
731 1215 823 1290 φιλέει
835 1215 964 1294 γίνεσθαι

164 1307 193 1361 ἒν
219 1303 343 1382 πολέμῳ·
369 1303 395 1362 οῖ
423 1301 521 1361 αὐτίκα
547 1301 580 1360 τδ
606 1301 728 1378 τόξευμα
754 1302 901 1377 λαβόντες,
928 1301 964 1365 αῖς

164 1391 268 1466 ἔμαθον
288 1391 321 1450 τό
342 1393 476 1468 βυβλίον,
502 1391 602 1466 ἔφερον
625 1390 670 1448 ε’πὶ
693 1389 757 1453 τοὺς
780 1390 962 1471 στρατηγούς·

164 1483 256 1556 παρῆν
280 1479 309 1538 δὲ
333 1481 378 1539 καὶ
400 1485 455 1539 τοῖν
478 1478 574 1538 ἄλλων
597 1478 784 1554 Παλληναίων
806 1479 963 1557 συμμαχίη·

164 1571 240 1626 τοῖσι
254 1567 283 1626 δὲ
296 1572 482 1649 στρατηγοῖσι
497 1567 722 1643 ἐπιλεξαμένοισι
735 1567 768 1627 τό
778 1569 906 1644 βυβλίον
918 1568 964 1627 καὶ

164 1655 288 1730 μαθοῦσι
308 1656 357 1716 τόν
377 1658 465 1716 αἴτιον
485 1660 535 1732 τῆς
554 1655 714 1732 προδοσίης,
731 1656 807 1726 ἔδοξε
824 1655 865 1733 μή
883 1682 964 1715 κατα-

165 1744 266 1813 πλέξαι
282 1744 444 1822 Τιμόξεινον
462 1745 609 1824 προδοσίῃ,
624 1749 674 1820 τῆς
693 1745 848 1809 Σκιωναίων
866 1744 965 1807 πόλιος

166 1831 263 1906 εἵνεκα,
282 1833 323 1910 μῆ
344 1835 502 1911 νομιζοίατο
523 1833 591 1893 εἶναι
607 1835 753 1896 Σκιωναῖοι
773 1839 800 1896 ἐς
819 1833 869 1894 τόν
887 1834 964 1910 μετέ-

165 1945 247 1980 πειτα
260 1921 362 1999 χρόνον
374 1923 426 1980 αἰεὶ
440 1921 583 1998 προδόται·
605 1921 620 1980 ό
634 1924 686 1997 μὲν
699 1921 732 1996 δῆ
746 1920 861 1998 τοιούτῳ
871 1920 965 1999 τρόπῳ

167 2007 299 2071 ε’πάῖστος
317 2009 450 2090 ε’γεγάνεε.
492 2008 658 2086 Ἀρταβάζῳ
674 2008 703 2066 δὲ
724 2007 817 2082 ε’πειδῆ
831 2013 945 2082 πολιορ-
956 2009 1012 2067 129

167 2098 257 2155 κέοντι
276 2096 442 2177 ἐγεγόνεσαν
459 2099 532 2172 τρεῖς
549 2100 641 2172 μῆνες,
658 2095 763 2174 γίνεται
781 2093 905 2170 ἄμπωτις
918 2099 967 2170 τῆς

168 2183 317 2258 θαλάσσης
336 2183 448 2264 μεγάλη
470 2185 515 2242 καὶ
536 2183 637 2261 χρόνον
658 2181 703 2240 ἐπὶ
723 2180 843 2240 πολλόν·
866 2182 967 2245 ἰδόντες

167 2269 196 2327 δὲ
211 2273 237 2328 οἱ
252 2270 398 2348 βάρβαροι
416 2272 531 2352 τέναγος
551 2270 706 2352 γενόμενον,
721 2269 863 2346 παρήῖσαν
877 2275 904 2331 ἐς
916 2269 968 2344 τῆν

170 2357 335 2434 Παλλήνην·
369 2358 404 2423 οἷς
425 2360 453 2418 δὲ
473 2359 523 2422 τάς
537 2359 585 2418 δύο
605 2362 656 2435 μὲν
676 2359 775 2436 μοίρας
796 2357 967 2434 διοδοιπορή-

169 2472 262 2516 κεσαν,
278 2446 317 2506 ἔτι
337 2447 367 2506 δὲ
387 2453 459 2524 τρεῖς
480 2446 630 2507 όπόλοιποι
644 2446 726 2523 ἦσαν,
740 2445 790 2509 τάς
809 2445 968 2509 διελθόντας

167 2539 240 2612 χρῆν
259 2535 314 2594 ἔσω
330 2535 400 2596 εἶναι
420 2542 449 2596 έν
466 2540 501 2614 τῇ
520 2535 668 2614 Παλλήνη,
683 2535 789 2610 ε’πῆλθε
807 2535 968 2611 πλημμυρὶς

168 2627 217 2698 τῆς
238 2623 389 2699 θαλάσσης
408 2624 527 2706 μεγάλη,
543 2622 599 2695 ὅση
620 2623 728 2701 οὐδαμά
749 2649 795 2693 κω,
810 2621 845 2684 ὦς
865 2625 892 2682 οἱ
912 2627 966 2680 ε’πι·

168 2711 264 2788 χείριοι
278 2713 404 2793 λέγουσι,
419 2713 558 2776 πολλάκις
570 2713 711 2794 γινομένη.
749 2714 775 2770 οἱ
787 2712 839 2788 μὲν
852 2710 886 2786 δή
900 2710 970 2772 νέειν

168 2797 259 2858 αὐτῶν
270 2798 319 2858 οόκ
330 2801 510 2878 ἐπιστάμενοι
521 2802 720 2877 διεφθείροντο·
742 2799 806 2862 τούς
816 2800 845 2858 δὲ
856 2804 969 2858 ε’πιστα-

168 2888 267 2963 μένους
281 2892 307 2946 οἷ
326 2890 509 2965 Ποτιδαιῆται
527 2889 735 2952 ἐπιπλώσαντες
752 2888 880 2946 πλοίοισι
896 2885 969 2944 άπά-

169 2979 268 3034 λεσαν.
310 2978 398 3036 α’ίτιον
418 2978 447 3036 δὲ
468 2980 585 3056 λέγουσι
613 2981 639 3036 οἱ
668 2976 850 3050 Ποτιδαιῆται
870 2978 920 3049 τῆς
939 2998 970 3032 τε

169 3065 268 3142 ῥηχίης
284 3066 330 3122 καὶ
344 3070 393 3140 τῆς
414 3067 609 3143 πλημμυρίδος
630 3066 676 3124 καὶ
696 3069 745 3124 τοῦ
764 3065 904 3138 Περσικοῦ
918 3060 969 3120 πά-

155 3151 233 3214 ·θεος
246 3153 377 3232 γενέσθαι
389 3153 462 3222 τόδε,
477 3153 520 3212 ὅτι
533 3157 583 3213 τοῦ
598 3152 788 3213 Ποσειδέωνος
802 3156 828 3212 ἐς
842 3148 890 3209 τόν
904 3147 970 3226 νηόν

171 3239 216 3298 καὶ
230 3240 262 3300 τό
276 3239 392 3323 άγαλμα
405 3240 438 3300 τό
452 3246 481 3301 ε’ν
499 3245 537 3321 τῷ
554 3241 712 3319 προαστείῳ
728 3239 880 3315 ἠσέβησαν
894 3234 971 3296 οὗτοι

170 3333 225 3388 τῶν
259 3330 392 3406 Περσέων
420 3329 517 3406 τοίπερ
550 3332 596 3388 καὶ
622 3327 816 3406 διεφθάρησαν
840 3325 895 3386 θπό
920 3329 971 3401 τῆς
