2276 3538
185 149 229 197 172
375 203 378 209 ,
491 147 673 195 Ἦυοιουου
905 147 980 212 [vn.

183 226 287 301 θάρσος
311 225 346 288 ῶς
367 226 445 286 οὐδὲν
466 225 629 302 πεισόμενοι
647 225 732 304 άχαρι
751 226 822 304 πρός
840 231 890 286 τοῦ
911 229 982 305 βαρ-

181 313 282 390 βάρου·
312 317 338 372 οἱ
359 314 388 372 δὲ
409 314 440 372 οὗ
462 314 554 376 δόντες
576 320 604 374 ἐν
625 315 732 391 δείματι
752 315 866 396 μεγάλῳ
885 318 982 376 κατέσ-

181 429 279 471 τασαν,
295 401 344 462 ἀτε
358 400 420 460 οὔτε
433 407 500 461 νεῶν
514 403 632 462 ἐουσέων
647 408 675 462 ἐν
688 407 724 481 τῇ
734 403 853 462 Ἑλλάδι
864 403 983 481 ἀριθμόν

182 489 340 568 ἀξιομάχων
361 490 490 550 δέκεσθαι
510 490 559 549 τόν
580 490 700 560 ἐπιόντα,
715 489 778 550 οὔτε
801 493 983 568 βουλομένων

181 583 235 638 τῶν
246 583 362 637 πολλῶν
371 577 560 638 ἀντάπτεσθαι
570 582 620 637 τοῦ
630 579 765 654 πολέμου,
774 579 942 655 μηδιζόντων
953 581 982 640 δὲ

135 669 190 726 139
201 667 356 743 προθύμως.
399 665 536 726 Ἐνθαῦτα
554 666 690 747 ἀναγκαίῃ
708 667 855 747 ἐξέργομαι
869 668 982 748 γνώμην

182 754 371 823 ἀποδέξασθαι
392 756 545 830 ἐπίφθονον
565 757 616 830 μὲν
636 755 706 831 πρός
724 759 778 814 τῶν
794 755 919 815 πλεόνων
937 757 981 816 ἀν-

182 842 307 920 θρώπων·
330 841 403 918 ὅμως
419 842 456 910 δὲ,
475 847 510 921 τῇ
527 844 561 924 γέ
576 869 625 919 μοι
647 844 774 918 φαίνεται
788 844 856 902 εἶναι
869 842 980 918 ἀληθὲς,

181 930 230 989 οὐκ
253 931 408 1008 ἐπισχήσω·
438 934 461 988 εἰ
480 930 624 1006 Ἀθηναῖοι
649 931 908 1007 καταρρωδήσαντες
932 932 981 990 τόν

181 1020 292 1078 ἐπιόντα
314 1019 437 1079 κίνδυνον
459 1020 587 1088 ἐξέλιπον
602 1019 654 1094 τήν
673 1021 821 1096 σφετέρην,
839 1017 856 1094 ἢ
879 1019 980 1096 καὶμὴ

182 1108 340 1170 ἐκλιπόντες
364 1107 441 1166 ἀλλά
467 1109 608 1184 μείναντες
636 1109 736 1167 ἔδοσαν
763 1109 855 1183 σφέας
883 1107 982 1171 αάτοάς

180 1198 278 1275 Ξέρξῃ,
303 1195 373 1255 κατά
393 1197 444 1271 τήν
466 1195 617 1256 θάλασσαν
634 1195 754 1272 ὀὐδαμοὶ
777 1194 810 1254 ἀν
835 1201 981 1272 ἐπειρῶντο

181 1284 349 1360 ἀντιεύμενοι
367 1285 497 1360 βασιλέϊ·
523 1289 546 1342 εἰ
564 1285 655 1343 τοίνυν
674 1285 744 1342 κατά
761 1284 812 1359 τήν
831 1285 981 1344 θάλασσαν

179 1374 274 1450 μηδεὶς
301 1373 428 1448 ἠντιοῦτο
453 1373 551 1450 Ξέρξῃ,
578 1372 647 1430 κατά
674 1399 707 1452 γε
734 1371 767 1430 ἂν
794 1372 844 1448 τήν
868 1373 981 1450 ἤπειρον

180 1462 271 1520 τοιάδε
290 1463 402 1541 ἐγίνετο·
429 1465 452 1518 εἰ
471 1462 516 1518 καὶ
530 1461 635 1518 πολλοὶ
653 1460 765 1538 τειχέων
784 1462 895 1523 κιθῶνες
907 1461 981 1537 ἦσαν

181 1551 348 1624 ἐληλαμένοι
369 1549 413 1606 διά
431 1553 480 1606 τοῦ
498 1548 615 1622 Ἰσθμοῦ
634 1549 900 1624 Πελοποννησίοισι,
914 1577 980 1627 προ-

180 1637 304 1698 δοθέντες
322 1637 355 1694 άν
373 1635 586 1712 Λακεδαιμόνιοι
605 1635 660 1694 ἀπό
679 1639 734 1694 τῶν
748 1636 912 1716 συμμάχων,
927 1638 981 1698 ιοὐκ

181 1724 295 1783 ἐκόντων
316 1724 381 1783 ἀλλ’
403 1722 448 1782 ἀπ’
476 1723 633 1805 ἀναγκαίης,
663 1724 733 1783 κατά
759 1725 842 1787 πόλις
868 1727 981 1785 ἀλισκο·

180 1814 267 1890 μένων
294 1812 348 1871 ἀπό
373 1817 423 1871 τοῦ
444 1816 572 1872 ναυτικοῦ
599 1817 721 1889 στρατοῦ
745 1817 795 1872 τοῦ
819 1813 980 1892 βαρβάρου,

181 1901 387 1977 ἐμουνώθησαν·
412 1901 596 1977 μουνωθέντες
614 1901 643 1959 δὲ
660 1899 700 1973 ἂν,
720 1901 765 1958 καὶ
782 1900 982 1977 ἀποδεξάμενοι
1014 1915 1016 1919 ’

182 1991 247 2070 ἔργα
266 1989 386 2070 μεγάλα,
402 1989 540 2048 ἀπίθανον
558 1990 696 2070 γενναίως·
737 1987 856 2064 ἦταῦτα
869 1987 903 2048 ἂν
917 1991 982 2048 ἐπα-

181 2079 238 2147 θον,
259 2077 277 2154 ἢ
298 2079 352 2156 πρά
374 2083 432 2146 τοῦ,
453 2076 581 2153 όρέωντες
599 2075 632 2136 ἂν
651 2077 696 2136 καὶ
714 2077 779 2139 τούς
797 2077 902 2139 ἄλλους
913 2076 982 2137 Ἕλ-

180 2171 266 2242 ληνας
292 2167 464 2242 μηδίζοντας,
493 2165 630 2246 ὁμολογίῃ
660 2163 694 2224 ἂν
726 2165 882 2242 ἐχρήσαντο
912 2166 983 2242 πρός

180 2257 294 2332 Ξέρξεα·
318 2256 363 2313 καὶ
378 2254 447 2314 οὕτω
462 2253 495 2313 ἂν
509 2253 550 2312 ἐπ’
565 2253 712 2330 ἀμφότερα
725 2252 744 2328 ή
756 2251 863 2315 Ἑλλάς
877 2254 982 2334 ἐγίνετο

180 2343 234 2402 ἀπό
257 2345 399 2422 Πέρσῃσι·
428 2342 480 2418 τήν
500 2342 555 2423 γάρ
579 2341 704 2418 ὠφελίην
724 2340 776 2416 τήν
796 2346 850 2401 τῶν
870 2333 999 2420 τειχέωνθ

180 2436 234 2490 τῶν
248 2431 292 2489 διά
310 2435 360 2490 τοῦ
378 2431 495 2506 Ἰσθμοῦ
510 2431 689 2506 ἐληλαμένων
703 2429 735 2488 οά
749 2429 865 2506 δύναμαι
878 2431 980 2489 πυθέσ-

182 2520 228 2578 θαι
246 2519 306 2593 ήτις
324 2517 358 2578 ἀν
376 2518 417 2593 ἦν,
432 2518 571 2593 βασιλέος
590 2520 798 2594 ἐπικρατέοντος
810 2522 860 2593 τῆς
874 2517 980 2576 θαλάσ-

181 2633 243 2680 σης·
261 2611 308 2665 νῦν
323 2607 352 2664 δὲ
364 2605 528 2681 Ἀθηναίους
541 2605 577 2666 ἀν
590 2633 631 2669 τις
645 2608 734 2688 λέγων
749 2610 876 2681 σωτῆρας
886 2607 979 2684 γενέσ-

182 2697 228 2754 θαι
255 2699 303 2770 τῆς
327 2693 471 2762 Ἑλλάδος,
498 2693 547 2752 οάκ
571 2693 605 2753 ἂν
629 2694 781 2771 ἁμαρτάνοι
807 2693 840 2752 τό
868 2690 980 2766 ἀληθές·

181 2781 256 2842 οὗτοι
277 2782 330 2864 γάρ
353 2783 397 2840 ἐπὶ
419 2781 536 2860 ὁκότερα
555 2787 610 2842 τῶν
631 2781 801 2863 πρηγμάτων
820 2779 981 2857 ἐτράποντο,

183 2876 270 2931 ταῦτα
283 2871 377 2949 ῥέψειν
391 2873 501 2946 ἔμελλε·
524 2871 651 2948 ἑλόμενοι
665 2871 694 2928 δὲ
707 2870 758 2946 τήν
767 2869 894 2929 Ἑλλάδα
907 2895 982 2945 περι-

182 2966 250 3020 εῖναι
264 2961 419 3036 ἐλευθέρην,
433 2964 516 3018 τοῦτο
529 2960 561 3018 τό
575 2958 742 3032 Ἑλληνικόν
756 2964 812 3017 πάν
824 2958 857 3018 τό
871 2955 980 3030 λοιπόν,

183 3050 251 3110 ὅσον
264 3049 304 3126 μή
323 3048 444 3126 ἐμήδισε,
461 3046 539 3106 αὐτοὶ
557 3045 634 3119 οὗτοι
650 3046 725 3122 ἦσαν
741 3049 767 3105 οἱ
784 3047 980 3126 ἐπεγείραντες,

183 3140 227 3196 καὶ
241 3138 367 3214 βασιλέα
380 3136 451 3215 μετά
463 3162 496 3216 γε
511 3133 589 3197 θεοδς
603 3133 786 3210 ἀνωσάμενοι·
809 3133 873 3192 οὐδέ
890 3139 982 3207 σφεας

182 3227 340 3303 χρηστήρια
354 3224 467 3302 φοβερά
481 3222 599 3283 ἐλθόντα
613 3227 642 3280 ἐκ
657 3226 786 3296 Δελφῶν,
803 3221 847 3278 καὶ
862 3226 888 3280 ἐς
902 3219 982 3292 δεῖμα

184 3315 321 3386 βαλόντα,
337 3316 430 3372 ἔπεισε
449 3315 571 3370 ἐκλιπεῖν
588 3309 640 3379 τήν
652 3309 788 3366 Ἑλλάδα·
809 3306 886 3365 ἀλλά
900 3331 981 3363 κατα-
