2276 3538
209 123 256 169 140
515 123 697 172 ἨΡΟΔΟΤΟΤ
927 125 1005 188 [VII.

208 204 270 258 ε’στι
293 201 429 268 Νίσαιαν·
456 201 521 264 τούς
543 199 580 260 ὧν
601 200 635 276 δὴ
658 201 758 264 ἵππους
777 200 844 265 τούς
866 203 1009 283 μεγάλους

207 288 286 363 φέρει
298 287 331 347 τό
345 288 440 348 πεδίον
453 293 543 348 τοῦτο.
587 287 690 349 ὄπισθε
703 289 733 348 δὲ
745 288 849 350 τούτων
865 295 920 350 τῶν
941 291 1008 350 δέκα

208 375 298 435 ἵππων
311 374 387 453 ἅρμα
401 377 469 439 Διός
484 376 543 453 ἱρόν
557 378 729 446 ἐπετέτακτο,
742 377 775 437 τό
790 378 870 438 ἵπποι
883 381 934 454 μὲν
950 380 1007 438 εἶλ-

207 490 256 523 κον
275 465 370 522 λευκοὶ
390 464 472 524 ὀκταί·
494 463 596 525 ὄπισθε
611 465 640 523 δέ
653 469 707 526 τῶν
722 466 812 526 ἵππων
826 467 919 526 εἵπετο
935 470 1006 547 πεζῇ

205 550 325 630 ἡνίοχος,
345 552 475 631 ἐχόμενος
497 556 551 612 τῶν
572 557 703 631 χαλινῶν·
726 553 813 617 οὐδεὶς
830 555 885 635 γάρ
908 555 941 631 δὴ
960 558 1006 614 ε’πὶ

204 644 304 700 τοῦτον
323 639 372 700 τόν
393 640 492 716 θρόνον
512 638 663 717 ἀνθρώπων
683 640 837 715 ἀναβαίνει·
858 642 959 719 τούτου
976 644 1006 702 δὲ

205 727 321 787 ὄπισθεν
342 727 424 790 οὗτός
436 729 542 804 Ξέρξης
563 727 605 786 ἐπ’
618 727 742 806 ἅρματος
764 730 854 788 ἵππων
867 733 1004 791 Νισαίων·

204 817 391 890 παραβέβηκε
429 816 443 873 έ
463 819 489 874 οἶ
502 815 621 894 ἡνίοχος,
637 821 675 894 τῷ
689 816 794 894 οὔνομα
810 817 845 893 ἦν
859 819 1005 896 Πατιράμ-

157 905 192 960 41
204 909 267 978 φης,
282 901 403 962 Ὀτάνεω
423 907 489 966 παῖς
510 903 607 980 ἀνδρός
621 905 748 981 Πέρσεω.
791 904 932 981 Ἐξήλασε
952 911 1005 980 μὲν

205 989 275 1050 οὕτω
296 997 325 1049 ἐκ
349 993 473 1068 Σαρδίων
494 993 608 1068 Ξέρξης·
635 994 853 1068 μετεκβαίνεσκε
873 995 910 1064 δὲ,
935 994 1005 1058 ὅκως

202 1105 251 1155 μιν
272 1079 358 1158 λόγος
383 1081 477 1156 αἱρέοι,
503 1086 532 1138 ε’κ
555 1084 605 1140 τοῦ
630 1079 752 1158 ἅρματος
776 1087 803 1144 ἐς
825 1081 1002 1159 ἁρμάμαξαν.

203 1166 288 1227 αὐτοῦ
309 1168 338 1226 δὲ
358 1168 476 1228 ὄπισθεν
495 1168 674 1247 αἰχμοφόροι,
690 1170 822 1246 Περσέων
844 1173 870 1228 οἱ
891 1170 1007 1254 ἄριστοί

202 1283 233 1315 τε
247 1259 293 1316 καὶ
305 1257 502 1338 γενναιότατοι,
517 1259 614 1335 χίλιοι,
630 1257 700 1316 κατά
722 1257 808 1334 νόμον
828 1258 878 1321 τάς
895 1259 1004 1339 λόγχας

203 1346 320 1423 ἔχοντες·
344 1345 415 1423 μετά
440 1346 477 1415 δὲ,
503 1347 586 1408 ἵππος
610 1345 686 1421 άλλη
711 1347 791 1424 χιλίη
815 1353 845 1406 ἐκ
870 1349 1003 1424 Περσέων

203 1433 423 1515 ἀπολελεγμένη·
444 1434 515 1509 μετά
536 1434 565 1492 δὲ
586 1433 638 1508 την
660 1435 754 1502 ἵππον,
770 1439 799 1492 ε’κ
820 1439 875 1494 τῶν
896 1439 1003 1496 λοιπῶν

204 1522 336 1596 Περσέων
360 1521 580 1600 ἀπολελεγμένοι
604 1521 706 1597 μύριοι.
749 1520 829 1584 οὗτος
854 1522 936 1592 πεζός
957 1523 1002 1599 ἦν·

204 1609 250 1665 καὶ
270 1608 373 1667 τούτων
394 1609 481 1686 χίλιοι
502 1611 554 1684 μὲν
576 1610 621 1666 ε’πὶ
644 1614 720 1669 τοῖσι
744 1609 844 1686 δόρασι
865 1609 926 1669 άντὶ
947 1617 1002 1671 τῶν

203 1695 387 1772 σαυρωτήρων
407 1695 484 1773 ῥοιάς
507 1695 583 1774 εἶχον
610 1699 740 1776 χρυσέας,
762 1698 808 1755 καὶ
830 1699 910 1775 πέριξ
936 1725 1001 1760 συν·

203 1782 314 1858 εκλήϊον
333 1784 397 1847 τούς
411 1782 525 1847 ἅλλους·
548 1787 575 1842 οἱ
588 1785 618 1843 δὲ
631 1787 826 1864 εἰνακισχίλιοι
847 1786 923 1848 ε’ντός
939 1788 1001 1847 τοί-

202 1897 256 1930 των
270 1870 359 1936 ε’όντες
372 1871 506 1953 ἀργυρέας
518 1873 595 1949 ροιάς
609 1873 693 1952 εἶχον.
736 1873 824 1953 (εἶχον
837 1873 866 1932 δὲ
879 1877 1001 1952 χρυσέας

201 1960 279 2037 ροιάς
293 1961 338 2019 καὶ
352 1963 378 2020 οἱ
392 1965 429 2024 εἰς
442 1960 493 2036 τὴν
511 1965 565 2042 γῆν
585 1962 731 2038 τρέποντες
751 1961 800 2024 τάς
821 1961 936 2042 λόγχας,
955 1964 1001 2022 καὶ

201 2050 281 2124 μῆλα
300 2053 326 2108 οἱ
339 2049 464 2130 ἄγχιστα
482 2049 611 2126 ἑπόμενοι
625 2050 736 2129 Ξέρξη.)
777 2053 853 2108 τοῖσι
873 2049 902 2107 δὲ
922 2052 1001 2127 μυρί-

203 2164 261 2198 οισι
284 2139 448 2198 ε’πετέτακτο
472 2139 555 2200 ἵππος
578 2138 712 2212 Περσέων
739 2139 832 2214 μυρίη.
873 2138 944 2213 μετά
971 2139 1000 2197 δὲ

201 2226 252 2302 τήν
272 2227 357 2286 ἵππον
378 2227 499 2285 διέλειπε
518 2227 563 2283 καὶ
582 2223 630 2284 δύο
651 2225 789 2296 σταδίους,
804 2225 849 2283 καὶ
871 2227 964 2284 ἔπειτα
985 2227 1000 2285 ὁ

201 2314 300 2377 λοιπός
320 2315 419 2392 ὅμιλος
438 2313 482 2388 ἥῖε
502 2313 612 2389 ἀναμίξ.

153 2405 191 2460 42
241 2401 382 2460 Ἐποιέετο
404 2402 433 2459 δὲ
454 2401 505 2476 τήν
524 2400 588 2460 ὁδόν
606 2405 636 2459 ἐκ
652 2404 703 2476 τῆς
722 2401 826 2476 Λυδίης
847 2400 863 2460 ό
880 2401 1001 2477 στρατός

202 2489 250 2547 ε’πί
264 2515 295 2548 τε
312 2489 439 2565 ποταμόν
460 2488 566 2548 Κάῖκον
588 2489 633 2546 καὶ
651 2493 705 2569 γῆν
723 2488 776 2564 τήν
797 2489 921 2564 Μυσίην·
943 2488 1000 2548 άπδ

201 2577 231 2635 δὲ
244 2577 351 2635 Καΐκου
367 2575 546 2653 ὁρμεῶμενος,
562 2575 656 2652 Κάνης
677 2575 741 2652 ὄρος
754 2577 823 2656 έχων
844 2581 873 2635 ἐν
890 2574 1000 2651 άριστε·

199 2668 244 2742 ρῇ,
267 2664 312 2722 διά
333 2667 383 2723 τοῦ
403 2663 550 2740 Ἀταρνέος
575 2669 602 2726 ές
624 2666 749 2741 Καρίνην
770 2665 863 2724 πόλιν·
891 2662 948 2722 άπὸ
971 2665 1000 2723 δὲ

200 2750 301 2828 ταίπης
319 2751 364 2812 διά
380 2751 478 2829 Θήβης
496 2753 591 2811 πεδίου
613 2753 767 2828 ἐπορεύετο,
785 2751 1001 2828 Ἀτραμιίττειόν

198 2867 230 2900 τε
250 2839 335 2900 πόλιν
354 2841 400 2899 καὶ
412 2839 583 2917 Ἀντανδρον
604 2840 654 2916 την
676 2841 844 2921 Πελασγίδα
865 2865 1001 2917 παραμει-

201 2928 332 3005 βόμενος·
353 2929 404 3004 την
412 2928 490 3004 Ἴδην
503 2928 533 2986 δὲ
546 2928 645 3003 λαβών
662 2932 689 2990 ἐς
703 2927 852 3004 ἀριστερὴν
866 2929 943 3005 χέρα,
957 2927 1001 3003 ἤϊε

202 3021 229 3080 ἐς
241 3017 293 3094 τὴν
305 3016 413 3076 Ἰλιάδα
433 3019 496 3096 γῆν.
539 3015 585 3072 καὶ
599 3019 695 3091 πρῶτα
708 3017 760 3091 μέν
775 3019 801 3074 οἱ
815 3014 869 3073 ὑπό
887 3019 922 3092 τῇ
938 3014 1000 3092 Ἴδῃ

202 3099 286 3165 νύκτα
302 3104 478 3181 ἀναμείναντι
493 3103 614 3180 βρονταί
628 3128 659 3162 τε
675 3104 721 3161 καὶ
734 3107 893 3181 πρηστῆρες
908 3108 999 3162 ε’πεισ-

200 3195 345 3263 πίπτουσι,
373 3192 420 3250 καί
452 3215 514 3250 τινα
542 3189 625 3248 αὐτοῦ
651 3189 738 3268 ταύτῃ
767 3189 873 3268 συχνόν
900 3189 1001 3265 ὅμιλον

152 3284 190 3340 43
204 3281 370 3357 διέφθειραν.
412 3278 597 3354 Ἀπικομένου
618 3278 647 3336 δὲ
668 3281 718 3336 τοῦ
740 3281 862 3354 στρατοῦ
886 3278 932 3336 ἐπὶ
950 3277 1002 3337 τόν
