2278 3538
156 128 264 195 ιτ-ιι]
487 123 640 178 omnm:
904 129 952 181 ιιι

155 208 309 284 κατήκουσι
325 205 474 288 πρήγμασι
491 205 557 266 τάδε
574 206 690 284 ποιητέα
708 213 765 285 σφι
779 207 849 270 εἶναι
864 208 952 290 ἔλεγε·

154 299 210 356 τῶν
227 321 258 354 τε
276 294 426 370 προβάτων
443 299 498 354 τῶν
518 295 665 372 Εὐβοϊκῶν
681 296 825 356 καταθύειν
838 295 894 356 ὅσα
912 323 952 360 τις

155 385 257 444 ἐθέλοι·
293 383 426 460 (κρέσσον
445 382 500 463 γάρ
522 383 590 442 εἶναι
609 383 661 459 τῆν
687 384 822 462 στρατιῆν
843 383 953 462 ἔχεινῆ

154 470 219 534 τοῦς
238 471 411 550 πολεμίους’)
437 471 569 547 παραίνεέ
588 497 619 531 τε
635 476 777 548 προειπεῖν
794 476 871 532 τοῖσι
892 477 953 532 ἐωυ-

154 563 210 618 τιῦν
230 559 364 640 ἑκάστους
385 563 441 635 πῦρ
461 557 609 618 άνακαίειν·
637 559 752 636 κομιδῆς
773 560 802 618 δὲ
822 561 886 635 πέρι
902 560 954 635 τῆν

156 645 228 724 ὥρην
252 646 326 725 αὐτῷ
344 646 488 723 μελήσειν,
519 646 592 706 ὥστε
612 647 725 712 ἀσινέας
749 647 899 707 ἀπικέσθαι
927 654 954 711 ἐς

155 733 206 810 τῆν
218 734 353 794 Ἐλλάδα.
395 738 483 794 ταῦτα
495 734 583 812 ῆρεσέ
595 741 651 810 σφι
664 737 775 795 ποιέειν·
797 737 842 795 καὶ
856 736 954 796 αὐτίκα

156 827 211 900 πῦρ
234 823 458 900 ἀνακαυσάμενοι
479 823 629 900 ἐτράποντο
656 825 726 900 πρὸς
750 823 786 883 ταὶ
811 823 954 901 πρόβατα.

158 914 194 969 Οἱ
226 911 281 993 γάρ
315 910 439 987 Εὐβοέες
474 911 724 989 παραχρησάμενοι
753 911 803 972 τᾶν
836 912 954 976 Βάκιδος
963 915 1001 973 20

156 999 288 1076 χρησμδν
315 999 350 1063 (ῦς
370 998 449 1059 οῦδὲν
475 1001 603 1080 λέγοντα,
625 998 686 1058 οὔτε
709 1026 737 1059 τι
757 1000 955 1077 ἐξεκομίσαντο

157 1085 235 1146 οὐδὲν
246 1086 311 1146 ὀὔτε
327 1086 520 1164 προεσάξαντο
536 1086 572 1150 (ῦς
589 1088 783 1164 παρεσομένου
802 1094 858 1164 σφι
870 1091 955 1148 πολέ-

157 1201 219 1250 μου,
244 1176 393 1253 περιπετέα
414 1201 445 1235 τε
475 1174 644 1250 ἐποιήσαντο
672 1177 759 1252 σφίσι
784 1175 895 1236 αῦτοῖσι
919 1175 955 1236 τά
982 1215 983 1218 =

157 1262 318 1344 πρήγματα·
353 1262 451 1323 Βάκιδι
476 1262 531 1344 γάρ
559 1261 610 1322 ὧδε
637 1263 694 1342 ἔχει
720 1265 784 1340 περὶ
809 1263 913 1324 τούτων
940 1262 957 1324 ὅ

157 1352 294 1430 χρησμός·

222 1458 312 1517 Φράζεο
328 1456 517 1520 βαρβαρόφινον
533 1457 592 1504 ὅταν
608 1458 679 1517 ζυγὸν
695 1458 727 1506 εἱς
744 1457 793 1506 ἅλα
809 1458 893 1520 βάλλη

221 1531 342 1592 βύβλινον,
364 1529 466 1592 Εὐβοίης
484 1529 584 1590 ἀπέχειν
602 1531 773 1589 πολυμηκάδας
791 1532 870 1591 αἶγας.

157 1613 282 1674 τούτοισι
294 1614 323 1673 δὲ
337 1613 414 1674 οῦδὲν
431 1618 508 1673 τοῖσι
526 1615 606 1673 ἐπεσι
619 1616 825 1692 χρησαμένοισι
838 1621 867 1675 ἐν
879 1618 956 1676 τοῖσι

158 1701 221 1762 τότε
233 1704 373 1780 παρεοῦσί
382 1729 413 1762 τε
432 1703 478 1762 καὶ
494 1701 711 1779 προσδοκίμοισι
729 1708 849 1774 κακαῖσι,
863 1706 956 1781 παρῆν

158 1797 214 1866 σφι
227 1794 363 1868 συμφορῇ
376 1791 502 1868 χρῆσθαι
515 1789 585 1867 πρὸς
598 1789 633 1849 τοὶ
646 1791 777 1872 μέγιστα.

200 1882 236 1937 Οἶ
251 1880 302 1955 μὲν
318 1878 352 1954 δῆ
371 1881 459 1937 ταῦτα
478 1878 630 1953 ἔπρησσον,
644 1883 737 1955 παρῆν
755 1879 785 1938 δὲ
803 1879 819 1940 ὁ
835 1885 865 1940 ἐκ
884 1887 954 1958 Τρη
965 1879 1000 1938 21

157 1970 235 2044 χῖνος
266 1965 453 2028 κατάσκοπος.
496 1963 530 2040 ἦν
558 1968 610 2041 μὲν
636 1965 690 2046 γάρ
721 1965 762 2026 ἐπ’
787 1966 956 2046 Ἀρτεμισίῳ

158 2054 344 2123 κατάσκοπος,
364 2053 487 2124 Πολύας,
504 2054 583 2134 γένος
600 2053 782 2130 Ἀντικυρεῦς,
798 2059 836 2134 τῷ
852 2081 955 2133 προσε-

158 2144 281 2212 τέτακτο,
305 2143 363 2224 (καὶ
384 2142 441 2221 εἶχε
457 2145 558 2200 πλοῖον
577 2145 693 2219 κατῆρες
711 2144 842 2222 ἐτοῖμον,)
859 2147 883 2202 εἰ
903 2169 955 2200 πα-

158 2231 256 2306 λήσειε
274 2230 290 2290 ά
308 2231 433 2293 ναυτικὸς
449 2229 577 2307 στρατὸς,
596 2230 742 2306 σημαίνειν
754 2235 830 2290 τοῖσι
847 2235 876 2291 ἐν
889 2238 956 2308 Θερ-

158 2318 306 2398 μοπύλῃσι
333 2323 419 2380 ἐοῦσι·
455 2317 490 2380 ὥς
516 2317 539 2376 δ’
561 2317 647 2381 αῦτως
674 2316 708 2393 ἦν
734 2318 913 2398 Ἀβράνυχος
939 2319 955 2378 ὁ

159 2409 323 2478 Λυσικλέος,
346 2407 502 2484 Ἀθηναῖος,
531 2409 576 2466 καὶ
602 2406 677 2483 παρά
701 2407 823 2486 Λεωνίδη
848 2411 956 2484 ἐτοῖμος

158 2500 235 2556 τοῖσι
254 2496 296 2556 ἐπ’
313 2495 481 2573 Ἀρτεμισίῳ
502 2499 580 2553 ἐοῦσι
599 2494 749 2575 άγγέλλειν
766 2496 955 2574 τριηκοντέρῳ,

158 2584 193 2660 ἦν
210 2610 237 2644 τι
254 2583 459 2662 καταλαμβάνῃ
478 2581 608 2659 νεάτερον
623 2583 672 2642 τὸν
689 2582 782 2654 πεζόν.
824 2581 904 2647 οὗτος
920 2582 957 2644 ὧν

159 2672 368 2751 ὁἈβράνυχος
380 2669 545 2748 ἀπικόμενός
559 2678 614 2746 σφι
628 2670 760 2747 ἐσήμαινε
772 2671 808 2732 τά
821 2671 957 2754 γεγονότα

160 2763 223 2838 περὶ
246 2761 383 2821 Λεωνίδεα
404 2760 450 2819 καὶ
471 2758 521 2819 τᾶν
542 2758 664 2835 στρατόν
687 2758 781 2820 αὐτοῦ·
823 2764 850 2820 οἱ
871 2761 901 2820 δέ
922 2761 957 2824 ὥς

160 2850 295 2910 ἐπύθοντο
316 2853 411 2918 ταῦτα,
429 2848 519 2908 οῦκέτι
539 2852 566 2910 ές
584 2845 730 2923 ἀναβολάς
746 2853 888 2908 ἐποιεῦντο
906 2848 958 2925 τῆν

160 2937 351 3016 α’ποχάρησιν·
385 2937 543 3013 ἐκομίζοντο
560 2935 589 2994 δὲ
606 2935 641 2997 ὦς
657 2937 770 2996 ἕκαστοι
787 2937 956 3015 ἐτάχθησαν,

161 3025 306 3102 Κορίνθιοι
318 3029 423 3101 πρῶτοι
436 3022 552 3083 ὕστατοι
567 3023 596 3082 δέ
609 3022 762 3098 Ἀθηναῖοι.
803 3023 957 3098 Ἀθηναίων
966 3025 1005 3084 22

161 3112 191 3171 δὲ
214 3113 276 3176 νέας
292 3111 342 3176 τάς
363 3111 465 3188 ἄριστα
486 3109 635 3174 πλωούσας
657 3111 852 3188 ἐπιλεξάμενος
875 3117 957 3186 Θεμι-

162 3201 300 3276 στοκλέης
313 3198 458 3276 ἐπορεύετο
471 3199 534 3276 περὶ
547 3197 582 3257 τά
595 3199 700 3275 πότιμα
713 3198 808 3268 ὕδατα,
820 3197 958 3274 ἐντάμνων

163 3293 192 3349 ἐν
204 3291 281 3349 τοῖσι
296 3287 404 3348 λίθοισι
420 3285 579 3367 γράμματα,
592 3285 629 3346 τὰ
640 3284 734 3349 Ἴωνες
747 3285 910 3350 ἐπελθόντες
923 3290 959 3365 τῆ
