2262 3534
170 151 244 218 4-7]
475 147 663 197 ΚΑΑΛΙΟΠΗ.
923 154 971 202 283

169 233 285 301 ἐποίεον,
307 227 374 290 ὄδέ
392 226 476 287 ἐπιοῖν
497 227 543 285 καὶ
564 225 598 301 δὴ
617 231 646 286 ἐν
665 229 701 305 τῇ
720 228 840 307 Βοιωτίῃ
858 230 971 310 ἐλέγετο

169 320 246 388 εἶναι,
265 317 336 377 οὕτω
357 315 391 390 δὴ
410 313 650 390 ἀπεξεκομίσαντό
669 339 707 380 τεΙ
717 313 808 374 πάντα
827 316 872 386 καὶ
891 316 971 377 αὐτοὶ

168 407 307 482 διέβησαν
321 409 348 467 ἐς
367 405 524 477 Σαλαμῖνα·
546 406 574 464 ἐς
587 401 782 477 Λακεδαίμονά
797 427 828 460 τε
847 404 970 480 ἔπεμπον

168 494 315 575 ἀγγέλους,
329 491 389 568 ἅμα
404 492 456 566 μὲν
470 490 667 567 μεμψομένους
682 493 760 550 τοῖσι
772 490 969 568 Λακεδαιμονί-

168 605 226 640 οισι
245 579 288 641 ὅτι
304 578 444 656 περιεῖδον
462 576 626 654 ἐμβαλόντα
641 577 691 637 τόν
703 576 854 654 βάρβαρον
875 583 902 642 ἐς
917 578 969 654 τήν

167 665 304 744 Ἀττικήν,
333 665 399 726 ἀλλ’
427 665 459 725 οὐ
486 664 557 740 μετά
583 671 680 740 σφεων
703 663 839 740 ἠντίασαν
866 671 894 729 ἐς
918 666 971 742 τὴν

167 756 310 831 Βοιωτίην,
325 754 385 832 ἅμα
403 754 432 813 δὲ
450 751 665 830 ὑπομνήσοντας
683 750 740 811 ὅσα
756 759 812 829 σφι
829 751 970 832 ἀπέσχετο

166 841 312 920 όΠέρσης
329 843 530 920 μεταβαλοῦσι
549 838 658 900 δώσειν·
679 841 814 917 προεῖπαί
830 866 869 910 τε,
886 839 930 900 ὅτι
946 845 969 902 εί

165 929 206 1006 μὴ
219 930 355 1008 ἀμυνεῦσι
368 929 553 1004 Ἀθηναίοισι,
568 927 604 991 ἀς
617 929 663 988 καὶ
674 923 759 987 αάτοί
769 953 830 987 τινα
843 927 970 1006 ἀλεωρὴν

167 1016 339 1094 εὑρήσονται
384 1021 411 1076 οῖ
430 1016 485 1098 γάρ
508 1016 542 1091 δὴ
569 1015 782 1092 Λακεδαιμόνιοι
802 1015 918 1093 ὅρταζόν
937 1042 968 1077 τε

165 1109 265 1165 τοῦτον
291 1106 341 1167 τάν
367 1105 469 1185 χρόνον
497 1105 545 1163 καί
569 1111 626 1179 σφι
651 1103 686 1178 ἦν
711 1103 863 1163 Ὑακίνθια·
904 1105 969 1182 περὶ

166 1193 305 1254 πλείστου
318 1193 341 1253 δ’
354 1193 425 1275 ἦγον
437 1192 473 1252 τά
489 1195 539 1251 τοῦ
558 1193 623 1252 θεοῦ
642 1191 801 1268 πορσύνειν·
821 1190 881 1269 ἅμα
893 1192 923 1250 δὲ
935 1192 968 1254 τό

165 1281 258 1360 τεῖχός
270 1288 327 1358 σφι
339 1281 372 1341 τό
387 1286 415 1340 ἐν
428 1285 466 1359 τῷ
477 1279 584 1358 Ἰσθμῷ
600 1280 729 1358 ἐτείχεον·
751 1280 797 1338 καὶ
812 1278 866 1355 ἤδη
880 1278 966 1339 ἐπάλ·

167 1368 222 1437 ξεις
234 1369 389 1445 ἐλάμβανε.
640 1379 643 1386 “

171 1497 174 1502 -
206 1455 254 1520 Ὠς
270 1457 299 1515 δὲ
318 1457 451 1517 ἀπίκοντο
472 1461 500 1518 ἐς
519 1455 571 1532 τήν
588 1455 783 1534 Λακεδαίμονα
803 1459 830 1516 οἱ
850 1455 992 1538 άγγελοι7

165 1547 193 1604 οἶ
218 1543 265 1604 ἀπ’
291 1543 444 1620 Ἀθηναίων
471 1543 531 1621 ἅμα
553 1542 686 1626 ἀγόμενοι
712 1545 741 1604 ἐκ
768 1570 799 1603 τε
826 1545 966 1626 Μεγάρων

164 1631 301 1714 ἀγγέλους
315 1634 361 1692 καὶ
375 1639 405 1692 ἐκ
419 1633 593 1702 Πλαταιέων,
608 1633 708 1713 έλεγον
722 1631 789 1691 τάδε
802 1632 966 1696 ἐπελθόντες

165 1721 211 1778 ἐπὶ
243 1721 308 1785 τούς
342 1720 469 1798 ἐφόρους·
513 1730 530 1756 “
539 1721 665 1797 ἔπεμψαν
698 1719 787 1797 ἡμέας
812 1719 964 1797 Ἀθηναῖοι,

163 1809 293 1887 λέγοντες
306 1808 350 1868 ὅτι
362 1809 429 1886 ἡμῖν
444 1808 584 1884 βασιλεῦς
597 1806 613 1867 ό
627 1808 740 1883 Μήδων,
753 1813 837 1870 τοῦτο
849 1812 902 1886 μέν
914 1809 965 1885 την

162 1894 256 1972 χεόμην
269 1895 405 1968 ἀποδιδοῖ,
419 1901 502 1956 τοῦτο
519 1897 548 1956 δὲ
566 1896 732 1973 συμμάχους
751 1897 841 1956 ἐθέλει
859 1897 901 1955 ἐπ’
915 1898 965 1976 ἴση

164 2008 192 2040 τε
206 1984 252 2040 καὶ
266 1983 349 2061 ὁμοίῃ
363 1983 548 2057 ποιήσασθαι,
564 1980 628 2041 ἀνευ
641 2008 671 2040 τε
685 1983 771 2042 δόλου
787 1984 833 2042 καὶ
846 1983 963 2058 ἀπάτης·

163 2070 254 2129 ἐθέλει
267 2071 297 2129 δὲ
311 2071 357 2128 καὶ
375 2069 466 2145 ἀλλην
481 2067 575 2147 χάρην
592 2069 663 2146 πρός
677 2072 713 2146 τῇ
726 2069 847 2148 ἡμετέρῃ
861 2070 964 2130 διδόναι

161 2157 214 2234 τήν
232 2156 267 2217 ἂν
287 2156 365 2216 οὗτοὶ
386 2157 521 2233 ἑλώμεθα,
538 2156 618 2232 ἡμεῖς
637 2157 667 2216 δέ
689 2158 745 2216 Δία
764 2183 795 2216 τε
814 2157 964 2233 Ἑλλήνιον

162 2243 336 2306 αἰδεσθέντες
348 2245 394 2302 καὶ
407 2244 458 2318 τὴν
475 2243 602 2303 Ἐλλάδα
618 2244 708 2304 δεινόν
725 2244 883 2320 ποιεύμενοι
896 2271 963 2322 προ-

162 2331 265 2400 δοῦναι,
287 2331 319 2389 οιῖ
338 2332 546 2408 καταινέσαμεν,
563 2329 641 2390 ἀλλά
660 2331 846 2409 ἀπειπάμεθα,
864 2335 962 2411 καίπερ

161 2417 334 2494 ἀδικεόμενοι
362 2418 408 2477 ἀπ’
437 2418 581 2495 Ἑλλήνων
615 2421 661 2480 καὶ
691 2421 962 2499 καταπροδιδόμενοι,

162 2505 346 2584 ἐπιστάμενοί
363 2511 394 2567 τε
414 2507 457 2568 ὅτι
478 2508 697 2586 κερδαλεώτερόν
718 2513 780 2570 ἐστι
798 2509 963 2591 ὁμολογέειν

161 2597 199 2674 rs,
223 2595 323 2673 Πέρση
347 2599 459 2672 μᾶλλον
483 2595 554 2674 ἢπερ
579 2599 736 2675 πολεμέειν·
768 2596 801 2658 οὗ
824 2603 876 2676 μέν
900 2599 964 2660 οὐδὲ

161 2681 379 2764 ὁμολογήσομεν
392 2683 499 2748 ἑκόντες
513 2686 592 2746 εἶναι.
634 2688 680 2746 καὶ
698 2687 731 2746 τά
743 2690 795 2764 μὲν
808 2687 855 2748 ἀπ’
869 2688 962 2765 ἡμέων

161 2769 232 2830 οὕτω
255 2770 413 2848 ἀκίβδηλον
439 2774 485 2836 ἐόν
513 2775 624 2851 νέμεται
652 2776 697 2834 ἐπὶ
722 2775 787 2839 τούς
807 2774 961 2852 Ἕλληνας·

161 2857 238 2935 ὑμεῖς
258 2859 296 2928 δὲ,
318 2866 344 2922 ἐς
368 2865 465 2922 πᾶσαν
488 2861 622 2940 ἀρρωδίην
648 2863 713 2924 τότε
737 2862 900 2940 ἀπικόμενοι
920 2863 961 2941 μή

160 2944 384 3028 ὁμολογήσωμεν
410 2953 449 3028 τῷ
475 2951 584 3030 Πέρσῃ,
612 2953 674 3012 ε’πεί
697 2979 729 3011 τε
756 2952 902 3028 ἐξεμάθετε
928 2951 961 3012 τό

159 3033 294 3112 ἡμέτερον
308 3036 440 3114 φρόνημα
457 3039 579 3113 σαφέως,
594 3038 637 3098 ὄτι
655 3039 763 3116 οὐδαμοῖ
779 3038 961 3117 προδώσομεν

159 3121 213 3198 τάν
224 3122 358 3194 Ἑλλάδα,
374 3126 420 3184 καὶ
438 3126 508 3186 διότι
528 3131 620 3206 τεῖχος
633 3128 698 3205 ὑμῖν
716 3129 761 3187 διά
779 3131 829 3187 τοῦ
842 3125 961 3204 Ἰσθμοῦ

160 3212 345 3291 ἐλαυνόμενον
358 3219 387 3274 ἐν
402 3215 479 3275 τέλεί
496 3221 566 3287 ἐστι,
581 3217 627 3275 καὶ
645 3215 679 3292 δή
695 3216 784 3298 λόγον
797 3215 895 3278 οὐδένα
907 3221 962 3278 τοῖν

159 3298 311 3376 Ἀθηναίων
324 3303 464 3364 ποιέεσθε·
485 3303 652 3382 συνθέμενοί
661 3329 693 3366 τε
705 3303 773 3382 ἡμῖν
785 3305 836 3372 τόν
846 3307 963 3383 Πέρσην
