2268 3536
164 161 256 226 7-11]
508 163 620 212 υυιυο.
934 168 963 214 61

165 241 250 302 κακόν
269 268 298 302 τι
313 243 425 319 λαβεῖν·
449 245 537 301 ταῦτα
558 241 759 322 ἐπιλεγόμενοι,
780 243 967 314 συλλέξαντες

163 335 219 390 τῶν
230 329 328 390 Ἰώνων
344 330 407 393 τοῦς
419 329 569 406 τυράννους
588 329 615 390 οἳ
631 329 676 388 ύπ’
689 329 897 411 Ἀρισταγόρεω
914 334 966 408 μὲν

164 422 215 478 τοῦ
228 419 373 494 Μιλησίου
388 419 587 482 καταλυθέντες
605 422 660 479 τῶν
677 417 784 498 οἷρχέων
800 420 919 500 ἔφευγον
939 425 967 483 ἐς

165 505 471 587 Μήδους-ἐτύγχανον
496 507 525 565 δέ
548 507 613 588 τότε
639 507 893 584 συστρατευόμενοι
920 509 967 567 ἐπὶ

165 593 217 669 τήν
235 593 510 670 Μίλητον-τούτων
532 599 586 655 τῶν
607 595 714 672 όνδριῦν
731 595 796 658 τοῦς
813 595 966 672 παρεόντας

164 683 392 762 συγκαλέσαντες
405 683 503 764 ἔλεγόν
515 689 575 759 σφι·
584 684 660 743 τόδε·
675 693 692 719 “
702 683 798 759 ἄνδρες
806 683 907 753 Ἴωνες,
919 687 967 744 νῦν

165 795 208 834 τις
228 770 318 848 ῦμέων
339 771 368 830 εῦ
385 772 507 848 ποιήσας
526 773 641 848 φανήτω
657 772 706 832 τόν
726 773 866 848 βασιλέος
880 772 965 832 οἶκον·

164 858 230 922 τοῦς
241 859 297 941 γόρ
312 864 412 919 ἐωυτοῦ
429 861 547 924 ἕκαστος
560 861 650 937 ὑμέων
670 860 808 936 πολιήτας
822 860 966 936 πειράσθω

164 945 327 1027 ἀποσχίζων
340 948 396 1008 α’πό
415 953 466 1008 τοῦ
482 954 584 1008 λοιποῦ
598 952 788 1027 συμμαχικοῦ.
830 948 967 1027 προϊσχό·

165 1059 245 1110 μενοι
262 1036 291 1094 δὲ
310 1038 518 1116 ἐπαγγείλασθε
535 1036 610 1106 τόδε,
625 1036 660 1100 οἷς
679 1037 826 1096 πείσονταί
837 1062 868 1096 τε
882 1035 966 1115 ἄχαρι

167 1121 246 1181 οῦδὲν
259 1123 304 1182 διδ
317 1123 368 1198 τήν
381 1123 550 1193 ἀπόστασιν,
565 1124 629 1183 ούδέ
642 1131 698 1200 σφι
712 1123 776 1183 οὔτε
789 1123 824 1183 τό
838 1124 885 1202 tp&
904 1123 966 1182 ούτε

166 1209 203 1266 τό
221 1210 276 1267 ἴδια
295 1211 510 1286 ἐμπεπρήσεται,
526 1211 588 1269 οῦδὲ
606 1212 765 1288 βιαιότερον
780 1212 874 1280 ἕξουσι
888 1211 966 1270 ούδέν

158 1294 186 1370 ἢ
203 1297 338 1374 πρότερον
357 1298 442 1375 εἶχον·
465 1302 488 1356 εἰ
507 1299 536 1356 δὲ
557 1303 644 1356 ταῦτα
661 1301 712 1374 μὲν
727 1298 758 1357 ού
772 1299 927 1372 ποιήσουσι
941 1302 967 1357 οἱ

167 1385 197 1442 δὲ
214 1385 323 1448 πόντως
341 1385 386 1444 διαὶ
404 1385 497 1466 μόχης
519 1386 691 1456 ἐλεύσονται,
709 1386 774 1445 τόδε
795 1393 851 1462 σφι
870 1389 966 1468 λέγετε

166 1473 364 1550 ἐπηρεάζοντες
384 1473 472 1551 τόπερ
494 1476 587 1550 σφέας
603 1474 719 1544 κατέξει·
742 1475 777 1537 ὠς
798 1475 966 1538 ἑσσωθέντες

166 1566 202 1640 τῇ
221 1561 300 1640 μόχῃ
315 1563 595 1639 ἐξανδραποδιεῦνται,
611 1563 657 1621 καὶ
671 1561 705 1626 ὥς
718 1570 815 1640 σφεων
827 1562 891 1626 τοῦς
903 1565 965 1622 παῖ-

166 1649 215 1712 δας
233 1651 360 1726 ἐκτομίας
377 1650 534 1727 ποιήσομεν
551 1651 600 1714 τὰς
619 1651 649 1710 δὲ
667 1652 820 1729 παρθένους
838 1651 965 1734 ἀναστό-

166 1761 251 1800 στους
265 1743 292 1800 ἐς
306 1737 426 1815 Βάκτρα,
443 1740 488 1796 καὶ
508 1739 543 1801 οῦς
560 1739 612 1816 τήν
630 1739 723 1819 χοίρην
741 1739 860 1799 ἄλλοισι
877 1765 965 1818 παρα-

165 1823 318 1901 διόσομεν.”
360 1830 397 1886 Οί
410 1829 461 1902 μὲν
480 1827 513 1902 δή
530 1829 627 1908 ἔλεγον
640 1832 736 1887 ταῦτα·
757 1833 813 1888 τῶν
826 1828 856 1887 δέ
867 1827 966 1888 Ἰόνων
978 1827 1012 1888 Ῑίζ

166 1915 194 1970 οἱ
206 1913 334 1990 τύραννοι
347 1915 498 1991 διέπεμπον
509 1915 605 1978 νυκτός
618 1917 737 1978 ἕκαστος
751 1921 778 1979 ἐς
790 1915 855 1978 τοῦς
866 1919 965 1974 ἑωυτοῦ

166 2001 412 2081 ἐξαγγελλόμενος.
455 2005 481 2060 οἱ
499 2003 629 2066 δὲἸωνες
647 2009 673 2066 ἐς
691 2005 756 2066 τοῦς
775 2005 820 2062 καὶ
833 2002 966 2062 ἀπίκοντο

165 2085 248 2147 αῦται
268 2093 298 2148 αἱ
319 2089 458 2171 ἀγγελίαι,
477 2089 661 2171 α’γνωμοσύνη
683 2117 714 2150 τε
736 2091 899 2168 διεχρέωντο
920 2091 966 2149 καὶ

165 2175 200 2235 ού
220 2179 370 2252 προσίεντο
390 2178 442 2253 τήν
463 2179 628 2254 προδοσίην·
651 2179 779 2238 ἐωυτοῖσί
798 2204 840 2236 τε.
852 2178 965 2238 ἔκαστοι

166 2263 275 2324 ἐδόκεον
287 2265 417 2342 μούνοισι
429 2270 517 2324 ταῦτα
530 2266 593 2328 τούς
607 2267 719 2342 Πέρσας
733 2265 965 2344 ἐξαγγέλλεσθαι.

165 2357 253 2412 ταῦτα
265 2355 316 2429 μέν
330 2380 377 2413 νυν
392 2354 469 2416 ἰθέως
482 2353 654 2428 ἀπικομένων
667 2359 695 2415 ἐς
706 2352 759 2427 τήν
767 2355 897 2428 Μίλητον
910 2359 966 2416 τῶν

166 2443 300 2517 Περσέων
321 2443 434 2522 ἐγίνετο.

208 2530 288 2588 Μετοὶ
303 2529 339 2597 δὲ,
354 2533 408 2588 τῶν
417 2528 516 2588 Ἰώνων
529 2529 741 2606 συλλεχθέντων
756 2533 782 2590 ἐς
794 2529 847 2605 τήν
860 2529 963 2606 Λάδην,
977 2531 1010 2587 ll

166 2617 290 2696 ἐγίνοντο
309 2617 417 2696 όγοραί·
440 2618 485 2674 καὶ
503 2616 538 2692 δή
555 2643 604 2674 κου
623 2624 678 2692 σφι
697 2619 743 2676 καὶ
762 2616 847 2677 ἄλλοι
865 2617 964 2700 ἠγορό-

165 2731 243 2774 ωντο,
259 2711 287 2764 ἐν
306 2706 335 2764 δὲ
354 2705 387 2780 δή
407 2707 452 2763 καὶ
471 2704 510 2786 [ὁ]
530 2706 656 2767 Φωκαεῦς
669 2704 852 2787 [στρατηγός]
867 2705 964 2765 Διονύ-

164 2819 228 2856 σιος
241 2795 331 2874 λέγων
344 2793 418 2852 τόδε·
441 2805 458 2828 “
468 2795 512 2851 ἐπὶ
526 2793 610 2869 ξυροῦ
623 2793 677 2873 γὰρ
692 2793 781 2871 ἀκμῆς
792 2795 883 2872 ἔχεται
896 2793 964 2870 ήμῖν

165 2880 200 2938 τό
219 2881 379 2962 πρήγματα,
401 2879 496 2958 ἄνδρες
512 2879 644 2956 Ἴωνες,ἢ
664 2882 732 2941 εἶναι
752 2884 924 2958 ἐλευθέροισι
946 2878 964 2956 ἢ

165 2967 302 3039 δούλοισι,
317 2971 363 3027 καὶ
381 2968 507 3028 τούτοισι
528 2967 563 3031 ὥς
584 2969 746 3048 δρηπέτησυ
768 2974 816 3029 νῦν
831 2969 866 3026 ὦν
884 2967 964 3043 ύμέες

164 3053 200 3130 ἢν
212 3059 264 3132 μὲν
277 3057 426 3132 βούλησθε
443 3057 630 3132 ταλαιπωρίας
645 3058 811 3123 ἐνδέκεσθαι,
825 3055 858 3113 τδ
877 3079 964 3129 παρα·

164 3149 262 3221 χρῆμα
275 3148 327 3221 μὲν
340 3143 424 3206 πόνος
435 3145 499 3220 ύμῖν
514 3147 600 3212 ἔσται,
613 3144 669 3201 οἶοί
680 3169 711 3202 τε
725 3143 754 3200 δὲ
768 3141 869 3199 ἔσεσθε
882 3140 963 3217 ύπερ-

164 3231 343 3307 βαλλόμενοι
364 3231 429 3294 τοῦς
451 3233 588 3292 ἐναντίους
615 3231 684 3289 εἶναι
708 3228 857 3303 ἐλεύθεροι·
885 3232 909 3286 εἰ
936 3227 965 3286 δὲ

822 3315 830 3336 Ι
883 3313 890 3333 2
921 3315 928 3336 Ι

165 3321 290 3449 μηλακίη
303 3346 334 3380 τε
349 3321 394 3378 καὶ
408 3319 507 3396 α’ταξίη
521 3315 862 3396 διαχρήσεσθε,.ούδεμιαν
875 3339 966 3390 υμεοιν.

175 3402 183 3448 1
202 3409 257 3448 .-6
