2268 3536
162 173 193 218 ω
471 169 654 219 ἯΡοΔοτοι·
897 164 968 230 [νυ

160 247 215 326 γὰρ
232 243 451 328 συνεγινώσκετο
464 245 548 310 αύτδς
561 247 664 306 τούτων
678 243 747 304 εἶναι
757 243 851 317 αἴτιος,
863 246 961 326 γαμέει
966 281 976 297 ι

161 335 256 410 τρίτην
279 339 404 415 γυναῖκα·
434 333 484 394 ὧδε
506 335 536 393 δὲ
557 335 664 415 γαμέει·
691 331 726 408 ἦν
750 335 776 392 οἱ
800 334 884 409 φίλας
907 338 961 394 τῶν

162 422 357 498 Σπαρτιητέων
379 422 457 500 ἀνὴρ,
476 427 514 501 τῷ
534 422 703 498 προσεκέετο
725 425 779 480 τῶν
798 420 892 482 ἀστῶν
909 424 961 498 μα’-

161 513 248 570 λιστα
267 509 283 570 ὁ
301 509 447 588 Ἀρίστων·
469 509 556 588 τούτῳ
573 513 611 588 τῷ
628 507 706 585 ἀνδρὶ
725 508 858 588 ἐτύγχανε
876 513 959 570 ἑοῦσα

160 600 230 680 γυνὴ
245 600 387 674 καλλίστη
400 602 496 676 μακρῷ
508 601 562 656 τῶν
576 602 605 656 ἑν
619 595 735 675 Σπάρτῃ
748 600 894 678 γυναικῶν·
916 600 962 658 καὶ

161 693 249 748 ταῦτα
261 688 356 764 μέντοι
371 686 512 760 καλλίστη
526 686 557 754 ἐξ
573 686 723 762 αἰσχίστης
736 686 881 766 γενομένη·
904 691 960 746 ἑοῦ-

161 802 217 835 σαν
233 775 288 856 γαῖρ
306 799 355 850 μιν
372 774 405 832 τὸ
425 773 496 835 εἶδος
513 772 643 850 φλαύρην
656 772 674 848 ἡ
687 772 795 850 τροφός
809 771 901 848 αύτῆς,
917 774 961 834 οἶα

162 863 311 940 ἀνθρώπων
323 887 354 920 τε
368 861 475 936 ὀλβίων
492 862 630 942 θυγατέρα
645 862 690 920 καὶ
703 862 830 921 δυσειδέα
851 866 961 932 έοῦσαν,

161 951 231 1024 πρός
245 952 274 1009 δὲ
289 951 335 1008 καὶ
349 949 471 1026 ὁρέουσα
488 951 553 1013 τούς
565 951 664 1031 γονέας
679 951 832 1026 συμφορήν
844 950 876 1010 τύ
891 950 963 1015 εἶδος

162 1038 247 1115 αύτῆς
263 1039 449 1114 ποιευμένους,
462 1043 550 1098 ταῦτα
569 1040 674 1098 ἕκαστα
689 1039 829 1114 μαθοῦσα,
845 1039 962 1116 ἐπιφρά-

164 1129 238 1198 ζεται
260 1127 362 1187 τοιάδε·
384 1127 483 1205 ἐφόρεε
506 1127 592 1202 αύτήν
616 1126 669 1186 ἄνα
692 1131 789 1186 πᾶσαν
811 1125 917 1202 ἡμέρην
935 1131 962 1190 ἑς

161 1215 194 1276 τὸ
212 1221 262 1293 τῆς
274 1216 390 1292 Ἑλένης
413 1214 480 1293 ἶρύν·
501 1216 534 1275 τό
554 1215 576 1274 δ’
591 1217 652 1274 ἔστι
671 1219 700 1274 ἔν
717 1217 753 1291 τῇ
767 1212 897 1291 Θεράπνῃ
915 1241 962 1272 κα-

160 1307 279 1385 λευμένη
293 1305 394 1382 ὕπερθε
407 1308 457 1364 τοῦ
470 1306 608 1380 Φοιβηίου
622 1307 692 1380 ἱροῦ.
727 1302 795 1364 ὅκως
810 1302 839 1359 δὲ
854 1304 962 1361 ἑνείκειε

161 1393 180 1468 ἦ
197 1394 311 1471 τροφὰς,
325 1393 395 1470 πρύς
415 1419 446 1452 τε
463 1393 600 1472 τῶγαλμα
616 1392 682 1450 ἵστα
696 1390 741 1447 καὶ
756 1390 890 1446 ἑλίσσετο
910 1389 962 1462 τὴν

162 1481 226 1541 θεόν
241 1481 404 1549 ἀπαλλάξαι
420 1485 469 1554 τῆς
489 1479 666 1555 δυσμορφίης
678 1475 711 1534 τδ
728 1475 846 1532 παιδίον·
869 1475 914 1531 καὶ
927 1474 962 1550 δή

162 1595 226 1627 κοτε
239 1568 362 1645 ἀπιούσῃ
377 1573 406 1625 ἑκ
420 1571 469 1625 τοῦ
485 1569 546 1641 ἱροῦ
560 1569 595 1642 τῇ
608 1567 705 1640 τροφῷ
718 1565 835 1642 γυναῖκα
849 1562 962 1642 λέγεται

161 1661 336 1731 ἐπιφανῆναι,
353 1657 537 1728 ἐπιφανεῖσαν
558 1652 586 1710 δὲ
606 1650 768 1726 ἑπείρεσθαί
779 1675 828 1724 μιν
841 1648 856 1708 ὅ
870 1676 898 1709 τι
912 1652 961 1727 φέ-

159 1771 202 1820 ρει
213 1747 285 1821 ἑντῇ
297 1741 419 1822 αἷγκιίλης
443 1740 488 1799 καὶ
501 1739 552 1815 τὴν
563 1738 673 1816 φράσαι
687 1738 722 1801 ιύς
735 1737 845 1797 παιδίον
856 1741 960 1816 φορέει·

162 1831 214 1906 τήν
232 1831 261 1889 δὲ
276 1831 410 1888 κελεῦσαί
422 1833 448 1888 οἱ
466 1829 562 1898 δεῖξαι·
583 1828 635 1904 τήν
649 1827 678 1886 δὲ
692 1827 723 1887 ού
739 1826 834 1903 φάναι,
849 1826 961 1906 α’πειρῆ-

161 1920 230 1978 σθαι
245 1918 300 1998 γάρ
314 1921 341 1976 οἱ
355 1922 384 1976 ἑκ
398 1922 452 1977 τῶν
465 1917 632 1998 γειναμένων
652 1917 749 1994 μηδενὶ
770 1916 962 1976 ἐπιδεικνύναι·

161 2006 213 2083 τὴν
233 2007 263 2066 δὲ
282 2006 392 2069 πάντως
409 2010 495 2085 ἑωυτῇ
509 2005 630 2066 κελεύειν
644 2007 785 2075 ἐπιδεῖξαι·
808 2004 919 2081 ὁρῶσαν
932 2005 962 2065 δὲ

160 2095 212 2173 τήν
229 2101 346 2178 γυναῖκα
367 2097 431 2172 περὶ
451 2099 563 2154 πολλοῦ
583 2096 748 2170 ποιευμένην
767 2093 875 2152 ἰδέσθαι
892 2093 962 2153 ούτω

161 2186 194 2262 δη
208 2186 259 2262 τὴν
272 2186 380 2264 τροφόν
393 2185 479 2256 δεῖξαι
493 2185 525 2244 τὰ
539 2185 660 2243 παιδίον·
682 2184 733 2259 τὴν
747 2183 776 2242 δὲ
791 2185 962 2260 καταψῶσαν

161 2279 210 2334 τοῦ
234 2277 345 2334 παιδίου
368 2274 419 2349 τὴν
443 2273 571 2349 κεφαλὴν
596 2273 679 2342 εἶπαι,
704 2271 739 2334 ιύς
762 2270 962 2330 καλλιστεύσει

160 2364 273 2422 πασέων
285 2367 340 2422 τῶν
354 2367 383 2420 έν
397 2363 513 2440 Σπάρτῃ
525 2366 668 2442 γυναικῶν.
713 2359 769 2418 ἀπὸ
783 2361 835 2435 μὲν
850 2358 883 2434 δὴ
898 2360 962 2418 ταύ·

161 2477 210 2525 της
227 2454 277 2524 τῆς
295 2450 400 2526 ἡμέρης
417 2451 599 2525 μεταπεσέειν
618 2449 652 2508 τύ
672 2449 751 2510 εἶδος·
773 2447 871 2526 γαμέει
886 2448 914 2505 δὲ
928 2447 962 2522 δή

160 2563 208 2614 μιν
222 2543 249 2600 ές
262 2537 354 2617 γάμου
369 2535 441 2612 ὥρην
455 2535 625 2613 α’πικομένην
637 2535 761 2615 Ἄγητος
774 2534 789 2592 ὁ
803 2533 961 2601 Ἀλκείδεω,

114 2628 151 2685 62
162 2623 241 2686 οὗτος
252 2624 285 2699 δή
301 2623 375 2682 ὁτοῦ
389 2623 554 2700 Ἀρίστωνος
566 2625 660 2698 φίλος.
696 2621 752 2679 Τόν
763 2621 792 2677 δὲ
805 2618 962 2694 Ἀρίστωνα

162 2713 247 2782 ἔκνιζε
269 2710 322 2787 ἄρα
340 2715 390 2786 τῆς
407 2711 535 2791 γυναικὸς
554 2709 655 2783 ταύτης
674 2707 689 2766 ύ
707 2708 781 2782 ἔρως·
802 2707 961 2780 μηχανᾶται

162 2799 195 2875 δὴ
218 2797 320 2858 τοιάδε·
342 2798 425 2862 αύτύς
442 2825 473 2857 τε
493 2803 531 2876 τῷ
552 2797 649 2873 ἑταίρῳ
665 2798 716 2854 τοῦ
729 2792 764 2868 ἦν
777 2791 795 2867 ἡ
809 2790 878 2872 γυνὴ
892 2790 961 2868 αὕτη

161 2886 323 2947 ύποδέκεται
337 2887 450 2961 δωτίνην
468 2886 567 2944 δύσειν
579 2887 633 2942 τῶν
650 2885 749 2940 ἑωυτοῦ
764 2879 872 2940 πάντων
886 2879 915 2941 ἑν
928 2881 961 2942 τό

161 2974 195 3036 ἂν
216 2974 298 3038 αύτὸς
320 2977 422 3036 ἐκεῖνος
439 2975 543 3048 ἕληται,
559 2971 604 3030 καὶ
617 2969 666 3030 τᾶν
680 2973 788 3046 ἑταῖρον
802 2972 889 3049 ἑωυτῷ
906 2971 960 3030 ε’κέ-

161 3070 225 3125 λευε
239 3063 370 3126 κύσαύτως
388 3062 439 3139 τήν
454 3061 553 3139 ὁμοίην
567 3059 680 3119 διδόναι·
702 3057 717 3119 ὁ
732 3059 761 3118 δὲ
775 3058 853 3119 ούδὲν
868 3061 960 3136 φοβη-

487 3149 639 3174 ὶῑΙ)

162 3156 218 3217 θεὶς
237 3154 312 3231 α’μφὶ
333 3157 368 3232 τῇ
389 3177 505 3233 γυναικι,
524 3176 608 3228 αρεων
627 3153 728 3210 εοῦσαν
750 3149 796 3208 καὶ
813 3147 961 3225 Ἀρίστωνι

161 3246 285 3322 γυναῖκα,
310 3242 445 3301 καταινέει
467 3245 564 3300 ταῦτα·
593 3239 638 3298 ε’πὶ
661 3238 787 3300 τούτοισι
811 3238 840 3297 δὲ
864 3235 961 3314 ὅρκους

162 3330 319 3405 ἐπήλασαν·
339 3329 410 3407 μετιί
433 3329 469 3403 δὲ,
494 3327 577 3393 αύτύς
600 3355 631 3389 τε
654 3328 682 3412 [ὁ
707 3325 856 3410 Ἀρίστων]
880 3325 962 3386 ἔδωκε
