2268 3536
175 172 284 238 ⁵3-57]
514 173 627 223 ουιυο.
894 218 898 225 .
942 174 972 227 79

175 254 317 328 βασιλέας
335 255 419 334 μέχρι
440 256 491 331 μὲν
504 253 632 330 Περσέος
646 257 697 314 τοῦ
711 252 830 331 Δανάης,
844 257 895 314 τοῦ
910 255 975 314 θεοῦ

175 339 317 411 ἀπεόντος,
332 343 571 423 καταλεγομένους
585 341 673 420 όρθῶς
688 342 743 402 ύπό
763 341 908 418 Ἑλλήνων
929 344 975 401 καὶ

173 427 420 506 ἀποδεικνυμένους
443 430 477 494 ὥς
499 430 715 506 εἷσιἜλληνες·
737 430 801 510 (ἤδη
824 429 880 512 γάρ
902 457 975 507 τηνι-

177 521 263 576 καῦτα
284 523 310 580 ἐς
324 518 468 595 Ἕλληνας
490 518 566 579 οὗτοι
586 521 717 600 ἐτέλεον)
740 520 821 588 ἔλεξα
843 520 872 576 δὲ
892 521 975 598 μέχρι

175 606 310 681 Περσέος,
320 605 385 666 ἀλλ’
394 607 442 666 οὐκ
457 607 589 668 ἀνέκαθεν
604 607 643 667 έτι
656 610 770 684 ἔλαβον,
785 608 866 666 τοῦδε
877 607 974 678 εἵνεκα,

168 691 218 752 -ότι
242 692 292 753 ούκ
315 695 412 755 ἔπεστι
435 697 573 774 ἐπωνυμίη
598 697 708 774 ΠερσέιΙ
731 695 845 772 οὐδεμία
868 697 974 772 πατρός

174 782 285 858 θνητοῦ,
300 783 395 862 ὥσπερ
408 785 546 862 Ἡρακλέϊ
558 783 747 864 Ἀμφιτρύων·
768 783 821 860 ῆδη
845 783 882 844 ὧν
904 784 976 863 ὀρθῷ

173 871 250 952 λόγῳ
271 875 417 954 χρεωμένῳ
437 875 521 952 μέχρι
541 879 592 933 τοῦ
611 875 739 952 Περσέος
760 873 849 950 ὀρθῶς
870 869 979 950 εἴρηταί

173 985 231 1034 μοι.
256 960 315 1020 άπδ
327 959 357 1020 δὲ
370 961 483 1038 Δανάης
495 967 545 1037 τῆς
557 962 702 1039 Ἀκρισίου
717 963 899 1042 καταλέγοντι
912 961 976 1024 τούς
1022 998 1024 1002 -

174 1046 229 1106 ἅνω
243 1051 297 1108 αἰεὶ
309 1051 431 1126 πατέρας
444 1049 541 1119 ου’τῶν,
556 1051 703 1125 φαινοίατο
718 1049 752 1108 ἂν
767 1049 857 1112 ε’όντες
875 1053 901 1108 οἱ
921 1055 976 1109 τῶν

177 1141 303 1211 Δωριέων
315 1137 450 1216 ἡγεμόνες
463 1137 611 1218 Αἰγύπτιοι
626 1139 771 1218 ἰθαγενέες.
813 1143 907 1196 Ταῦτα
923 1139 975 1214 μέν
984 1143 1021 1196 54

176 1247 224 1281 νυν
246 1223 317 1282 κατὰ
337 1224 519 1300 τάἝλληνες
540 1227 658 1304 λέγουσι
676 1224 919 1305 γεγενεηλόγηται·
941 1225 976 1288 οἷς

176 1311 205 1378 δὲ
222 1311 238 1372 ὁ
253 1314 386 1389 Περσέων
407 1313 493 1394 λόγος
513 1315 634 1393 λέγεται,
649 1313 731 1375 αὐτὸς
748 1313 763 1371 ό
778 1313 905 1389 Περσεύς
926 1315 975 1374 εἰδν

156 1411 159 1416 ’
175 1397 328 1478 Ἀσσύριος
343 1402 451 1483 ἐγένετο
460 1399 579 1477 Ἕλλην,
591 1400 655 1459 ἀλλ’
667 1399 716 1460 ούκ
731 1405 757 1460 οἱ
768 1402 896 1478 Περσέος
909 1403 976 1480 πρό-

172 1512 266 1569 γονοι·Ι
282 1489 348 1553 τούς
369 1491 398 1549 δὲ
417 1489 560 1567 Ἀκρισίου
576 1515 610 1571 γε
630 1491 751 1567 ποτέρας
769 1489 975 1572 ὁμολογέοντας

173 1576 233 1636 κατ’
243 1579 403 1655 οἷκηϊότητα
414 1579 522 1662 Περσέϊ
535 1577 620 1648 οὐδὲν,
631 1579 744 1642 τούτους
758 1580 787 1638 δὲ
802 1579 877 1650 εἶναι,
894 1581 973 1639 κατά·

172 1691 225 1742 περ
234 1666 374 1743 Ἕλληνες
388 1669 513 1748 λέγουσι,
530 1668 707 1749 Αἰγυπτίους.
750 1669 807 1726 Καὶ
821 1673 907 1727 ταῦτα
921 1671 973 1746 μέν
983 1673 1020 1728 55

172 1779 221 1813 νυν
241 1756 304 1831 περὶ
324 1755 428 1816 τούτων
445 1755 575 1832 εἰρήσθω·
597 1755 613 1814 ό
626 1783 653 1816 τι
667 1756 696 1814 δὲ
711 1757 800 1818 ε’όντες
814 1757 970 1837 Αἰγύπτιοι,

173 1843 219 1900 καὶ
237 1842 253 1902 ό
270 1869 298 1902 τι
317 1842 519 1920 ἀποδεξάμενοι
541 1846 648 1920 ἔλαβον
668 1844 717 1907 τάς
737 1845 864 1921 Δωριέων
887 1847 972 1920 βασι-

173 1931 261 2004 ληίας,
288 1931 405 1991 ἄλλοισι
427 1931 482 2013 γάρ
506 1933 570 2009 περὶ
597 1931 686 1991 αὐτῶν
714 1934 826 2008 εἴρηται,
852 1927 974 2008 εὀίσομεν

172 2015 251 2090 οὖτά,
270 2021 307 2079 τά
325 2019 354 2078 δὲ
372 2019 458 2079 ἄλλοι
474 2019 507 2078 ού
528 2019 721 2095 κατελάβοντο
739 2019 843 2078 τούτων
862 2019 974 2095 μνήμην

173 2108 335 2185 ποιήσομαι

213 2199 300 2273 Γέρεα
313 2198 342 2256 δὲ
356 2197 389 2272 δῆ
403 2197 469 2256 τάδε
481 2199 558 2255 τοῖσι
571 2197 729 2270 βασιλεῦσι
743 2197 917 2268 Σπαρτιῆται
931 2194 970 2251 δε·
982 2197 1020 2254 56

172 2284 287 2344 διύκασι·
313 2284 448 2362 ἱρωσύνας
469 2283 526 2352 δύο,
549 2281 617 2344 Διός
640 2307 671 2340 τε
695 2281 902 2356 Λακεδαίμονος
927 2284 971 2340 καὶ

172 2373 241 2436 Διός
255 2373 402 2450 Οὐρανίου·
426 2373 471 2430 καὶ
492 2369 618 2446 πόλεμόν
636 2396 669 2450 γε
688 2370 814 2446 ἐκφέρειν
835 2369 876 2428 ἐπ’
890 2369 924 2445 ῆν
941 2368 973 2431 ἂν

171 2461 332 2535 βούλωνται
352 2461 454 2540 χώρην·
475 2457 574 2519 τούτου
588 2457 616 2516 δὲ
630 2459 735 2535 μηδένα
752 2458 820 2517 εἶναι
835 2460 972 2538 Σπαρτιη-
999 2499 1002 2505 -

171 2551 239 2608 τέων
261 2547 441 2624 διακωλυτήν·
464 2552 487 2606 εί
509 2548 538 2606 δὲ
559 2546 607 2624 μῆ,
626 2546 709 2606 αὐτόν
733 2552 761 2606 ἐν
778 2553 816 2625 τῷ
835 2547 897 2628 άγεῖ
918 2551 971 2608 ε’νέ-

170 2639 284 2715 χεσθαι·
298 2639 524 2716 στρατευομένων
538 2637 575 2706 δὲ,
589 2636 714 2712 πρώτους
729 2637 796 2694 ἰέναι
809 2636 873 2699 τούς
886 2640 972 2714 βασι-

170 2727 239 2788 λέας
251 2725 387 2788 ύστάτους
402 2726 430 2785 δὲ
445 2726 564 2784 άπιένοι·
579 2725 676 2784 ἑκατόν
691 2725 720 2783 δὲ
734 2725 834 2802 ἄνδρας
848 2726 970 2806 λογάδας

171 2815 217 2872 ἐπὶ
231 2819 365 2891 στρατιῆς
379 2814 541 2890 φυλάσσειν
554 2813 661 2876 αύτούς·
675 2814 848 2891 προβάτοισι
863 2815 891 2872 δὲ
904 2819 972 2892 χροΐ-

170 2903 240 2962 σθαι
254 2908 283 2962 έν
296 2908 364 2982 τῇσι
379 2903 502 2981 ἐξοδίῃσι
516 2901 646 2962 ὁκόσοισι
663 2901 696 2962 ἂν
714 2902 750 2961 ὧν
769 2903 896 2962 ἐθέλωσι·
918 2906 972 2960 τῶν

170 2989 201 3049 δὲ
224 2993 363 3068 θυομένων
379 2991 507 3050 ἁπάντων
525 2991 561 3049 τά
581 2991 703 3066 δέρματά
724 3017 754 3049 τε
777 2991 822 3047 καὶ
843 2989 878 3047 τά
900 2993 972 3048 νῶτα

169 3080 331 3155 λαμβάνειν
344 3081 445 3155 σφέας.
476 3083 564 3138 ταῦτα
576 3082 627 3156 μὲν
641 3079 677 3138 τά
691 3078 859 3156 ἐμπολέμια.
887 3075 929 3132 Τά
944 3077 1019 3137 δὲ57

170 3166 256 3238 ἄλλα,
266 3168 302 3227 τά
317 3172 447 3245 εἰρηναῖα,
460 3167 530 3226 κατά
543 3166 608 3226 τάδε
622 3174 677 3242 σφι
692 3167 808 3224 δέδοται·
824 3161 858 3236 ῆν
873 3163 972 3238 θυσίην·

168 3283 212 3319 τις
225 3257 366 3332 δημοτελῆ
381 3256 515 3330 ποιέηται,
529 3255 654 3332 πρώτους
670 3255 715 3311 ε’πὶ
728 3251 761 3310 τό
775 3252 886 3308 δεῖπνον
908 3250 973 3319 ἵζειν

169 3344 235 3407 τούς
256 3345 407 3418 βασολέας·
429 3343 474 3401 καὶ
495 3342 551 3401 ἀπό
575 3341 678 3400 τούτων
701 3343 811 3413 πρῶτον
835 3336 972 3412 ἄρχεσθαι
