2262 3534
141 170 180 228 28,
197 168 239 232 29]
453 167 642 216 KAAAIOHH.
891 164 937 214 295

141 245 173 305 δέ
184 252 240 322 σφι
253 246 362 306 εἴλοντο
375 245 490 306 έστάναι
500 249 527 306 οἱ
538 247 711 322 Σπαρτιῆται
720 246 784 309 τούς
793 243 939 325 Τεγεήτας,

142 334 188 392 καὶ
201 337 283 409 τιμῆς
297 333 385 392 εἵνεκα
398 335 444 392 καὶ
457 333 564 411 άρετῆς·
585 331 689 392 τούτων
702 332 725 391 δ’
738 332 813 407 ἦσαν
826 331 940 390 ὁπλῖται

141 422 230 498 χίλιοι
251 422 297 480 καὶ
320 421 508 497 πεντηκόσιοι.
549 419 620 498 μετά
645 420 674 480 δὲ
694 419 807 481 τούτους
829 419 941 478 ἵσταντο

143 509 298 586 Κορινθίων
320 511 552 588 πεντακισχίλιοι·
594 508 671 587 παρά
693 508 725 568 δέ
741 515 804 584 ,σφι
830 506 941 583 εὕροντο

142 596 218 673 παρά
232 597 399 658 Παυσανίεω
412 597 526 656 ἑστάναι
536 597 741 673 Ποτιδαιητέων
753 600 808 656 τῶν
822 601 851 654 ἐκ
862 599 941 654 Παλ-

141 684 229 760 λήνης
245 684 310 748 τούς
323 685 476 762 παρεόντας
488 686 673 761 τριηκοσίους.
714 683 818 744 τούτων
834 683 864 742 δὲ
883 683 942 761 ε’χό-

141 798 221 850 μενοι
242 773 357 833 ἵσταντο
369 772 501 849 Ἀρκάδες
517 773 695 852 Ὀρχομένιοι
711 771 862 842 ἑξακόσιοι·
882 770 943 830 τού-

142 886 196 920 των
219 860 257 931 δὲ,
279 860 423 924 Σικυώνιοι
443 861 608 940 τρισχίλιοι.
648 859 753 920 τούτων
780 860 809 919 δὲ
836 861 943 938 εἴχοντο

142 945 325 1025 Ἐπιδαυρίων
337 947 505 1010 ὀκτακόσιοι
525 948 602 1025 παρά
613 949 643 1008 δὲ
655 948 769 1011 τούτους
779 948 944 1025 Τροιζηνίων

144 1035 300 1097 ἐτάσσοντο
317 1038 416 1115 χίλιοι.
457 1038 622 1114 Τροιζηνίων
638 1037 668 1095 δὲ
684 1036 819 1114 ἐχόμενοι,
839 1043 944 1111 Λεπρε-

144 1123 231 1198 ητέων
240 1123 387 1200 διηκόσιοι·
400 1123 504 1185 τούτων
514 1125 551 1193 δὲ,
564 1123 730 1199 Μυκηναίων
741 1125 787 1181 καὶ
796 1123 945 1200 Τιρυνθίων
1007 1123 1010 1128 ¹

144 1211 329 1288 τετρακόσιοι.
370 1212 475 1273 τούτων
495 1212 525 1272 δὲ
546 1212 682 1292 ἐχόμενοι,
699 1212 832 1271 Φλιάσιοι
847 1216 945 1290 χιλιοι·

146 1298 222 1376 παρά
252 1299 283 1358 δὲ
308 1301 421 1364 τούτους
441 1302 573 1361 -ἔστασαν
596 1301 754 1378 Ἑρμιονέες
779 1299 944 1378 τριηκόσιοι.

145 1386 311 1464 Ἑρμιονέων
334 1388 364 1447 δὲ
384 1389 511 1467 ε’χόμενοι
533 1391 647 1449 ἵσταντο
667 1388 827 1466 Ἐρετριέων
847 1414 879 1447 τε
900 1389 946 1447 καὶ

147 1476 272 1553 Στυρέων
282 1476 431 1546 ἑξακόσιοι·
445 1478 548 1538 τούτων
559 1478 589 1537 δὲ
599 1477 752 1539 Χαλκιδέες
761 1475 945 1553 τετρακόσιοι·

146 1564 249 1624 τούτων
275 1565 313 1635 δέ,
339 1563 567 1644 Ἀμπρακιητέων
593 1564 781 1642 τεντηκάσιοι.
822 1564 893 1642 μετά
917 1564 946 1624 δὲ

145 1653 267 1723 τούτους,
278 1654 435 1714 Λευκαδίων
445 1656 491 1713 καὶ
501 1655 685 1731 Ἀνακτορίων
696 1651 857 1714 ὀκτακόσιοι
866 1653 946 1713 ἔστα·

146 1767 212 1801 σαν·
227 1741 331 1801 τούτων
344 1742 437 1801 δὲ”
388 1769 524 1821 εχομενοι,
535 1745 685 1807 Παλεες“
660 1769 687 1802 οι
700 1749 730 1802 ἐκ
745 1743 947 1851 Κεφαλληνίης

147 1829 294 1901 διηκόσιοι.
325 1855 397 1918 μετα
388 1831 440 1890 δὲ
452 1833 575 1902 τούτους,
590 1833 757 1944 Αἰγινητέων
770 1831 948 1907 πεντηκάσιοι

148 1916 317 1995 ἐτάχθησαν.
358 1943 434 1996 παρα
425 1919 478 1978 δὲ
493 1919 607 1982 τούτους
627 1919 782 1978 ετάσσοντο
797 1920 949 1999 Μεγαρέων

147 2007 310 2083 τρισχίλιοι.
343 2007 451 2084 ε’ίχοντο
465 2008 495 2066 δὲ
507 2007 619 2075 τούτων,
632 2006 786 2068 Πλαταιέες
800 2006 948 2074 ἑξακόσιοι.

148 2096 302 2152 τελευταῖοι
316 2093 403 2152 δε
359 2119 405 2151 και
418 2118 524 2169 πρωτοι
535 2093 704 2168 Ἀθηναῖοι’
692 2091 855 2161 ετάσσοντο,
870 2093 950 2168 κέρας

149 2179 311 2286 ἔχοντες
279 2207 312 2239 το
335 2179 480 2256 εύάνυμον,
497 2180 713 2259 ὀκτακισχίλιοι·
742 2205 910 2258 εστρατηγεε
927 2177 950 2238 8

149 2266 239 2326 αὐτῶν
255 2266 462 2344 Ἀριστείδης
447 2295 462 2327 ο
481 2267 658 2348 Λυσιμάχου.
700 2265 784 2335 οὗτοι,
802 2267 879 2341 πλην
897 2291 951 2326 των

150 2353 220 2413 ἔπτοὶ
240 2355 304 2432 περὶ
325 2356 444 2415 ἕκαστον
463 2357 636 2437 τεταγμένων
657 2353 895 2432 Σπαρτιήτῃσι,’
877 2379 951 2429 ησαν

149 2443 273 2512 ὁπλῖται,
284 2444 456 2508 συνάπαντες
466 2445 556 2507 ε’όντες
566 2444 685 2521 άριθμον
694 2447 767 2520 τρεῖς
779 2469 811 2502 τε
823 2443 951 2520 μυριάδες

151 2533 196 2589 καὶ
215 2530 287 2590 ὄκτω
277 2531 427 2611 χιλιάδες
443 2559 489 2591 και
479 2533 710 2595 ἑκατοντάδες
699 2532 776 2591 επτά.
817 2530 998 2591 Ὁπλῖται29

149 2623 244 2695 μὲνοὶ
262 2620 363 2684 πάντες
381 2623 596 2701 συλλεγέντες’
584 2622 628 2678 επὶ
649 2620 698 2680 τὸν
713 2619 895 2698 βάρβαρον
877 2645 951 2694 ησαν

151 2712 291 2767 τοσοῦτοι·
312 2713 403 2784 ψιλῶν
417 2709 447 2769 δὲ
460 2710 571 2784 πλῆθος
583 2707 618 2784 ἦν
633 2707 706 2768 τάδε·
727 2712 778 2784 τῆς
793 2711 845 2785 μὲν
859 2710 952 2785 Σπαρ-

150 2800 273 2872 τιητικῆς
282 2797 376 2867 τάξιος
385 2799 609 2876 πεντακισχίλιοι
620 2797 665 2856 καὶ
675 2797 834 2874 τρισμύριοι
848 2795 951 2873 ἅνδρες,

152 2883 186 2946 οῖς
200 2883 298 2945 ε’άντων
312 2887 382 2946 έπτιῖ
395 2888 458 2963 περὶ
474 2887 592 2945 ἕκαστον
606 2884 700 2962 ἄνδρα·
723 2886 768 2943 καὶ
781 2883 885 2944 τούτων
898 2888 953 2946 πᾶς

151 2997 192 3034 τις
215 2971 376 3049 παρήρτητο
399 2973 434 3038 (ύς
455 2979 483 3037 ἐς
505 2974 641 3050 πόλεμον·
673 2977 699 3032 οἶ
723 2973 752 3031 δὲ
772 2975 827 3032 τῶν
847 2974 954 3030 λοιπῶν

151 3061 376 3138 Λακεδαιμονίων
403 3063 448 3122 καὶ
473 3062 619 3137 Ἑλλήνων
647 3061 735 3139 ψιλοὶ,
763 3059 798 3122 ὥς
825 3057 863 3120 εἶς
889 3059 953 3134 περὶ

153 3149 272 3210 ἕκαστον
291 3149 341 3210 εἰδν
360 3149 453 3229 ἄνδρα,
471 3150 649 3210 πεντακόσιοι
668 3151 714 3208 καὶ
733 3146 954 3225 τετρακισχίλιοι

153 3237 198 3295 καὶ
218 3239 378 3317 τρισμύριοι
407 3234 497 3316 ἦσαν·
513 3242 603 3318 ψιλῶν
623 3240 674 3316 μὲν
695 3237 728 3314 δή
752 3239 807 3297 τῶν
827 3233 954 3295 άπάνπων

152 3327 282 3405 μαχίμων
306 3327 341 3405 ἦν
361 3327 394 3388 τδ
418 3330 529 3405 πλῆθος
550 3328 581 3398 ἕξ
605 3353 636 3389 τε
661 3325 790 3403 μυριάδες
812 3325 857 3383 καὶ
879 3323 956 3384 ε’ννέα
