2268 3536
190 147 225 213 ιι,
500 145 681 199 Ἦνοιοτοτ
941 147 985 212 [ν.

189 232 285 292 ναῖκας
302 229 372 307 έχων
387 227 436 288 δύο
452 229 530 298 διξάς
548 230 638 290 ἱστίας
654 229 734 298 οἴκεε,
748 229 848 287 ποιέων
864 228 989 306 ούδαμῶς

142 316 388 392 41Σπαρτιητικιί.
427 317 537 394 Χρόνου
558 317 587 375 δὲ
608 316 640 374 ού
659 320 770 374 πολλοῦ
790 316 988 394 διελθόντος,ἦ

189 404 341 481 ἐσύστερον
358 407 520 466 ἐπελθοῦσα
533 405 603 485 γυνή
616 405 701 463 τίκτει
713 403 763 463 τιίν
777 403 810 478 δή
826 407 989 482 Κλεομένεα

189 495 296 552 τοῦτον·
324 494 369 552 καὶ
386 492 455 569 αύτη
471 520 502 552 τε
519 492 635 569 ἔφεδρον
651 493 777 567 βασιλέα
795 493 985 572 Σπαρτιήτησ·

190 580 334 656 ἀπέφαινε,
355 583 401 640 καὶ
416 581 434 656 ἦ
451 581 574 657 προτέρη
592 579 661 661 γυνή
675 579 724 638 τίν
732 579 873 658 πρότερον
886 582 988 660 χρόνον

188 667 287 733 ἄτοκος
313 673 400 728 ἐοῦσα
426 669 490 728 τότε
519 672 571 731 κῶς
600 668 710 744 ἐκύησε,
739 670 874 748 συντυχίῃ
900 671 987 749 ταύτῃ

187 759 361 835 χρησαμένη.
384 759 506 835 ἔχουσαν
527 757 556 815 δὲ
576 755 663 832 αύτήν
683 755 785 832 ἅληθέϊ
800 757 877 838 λόγῳ
896 761 922 817 οἰ
937 763 988 834 τῆς

188 845 362 919 ἐπελθούσης
378 844 506 924 γυναικὸς
522 843 622 920 οἰκήϊοι
640 845 791 920 πυθόμενοι
805 844 919 924 ὤχλεον,
934 847 987 922 φιί-

186 957 265 1008 μενοι
278 931 364 1007 αύτήν
378 933 508 1007 κομπέειν
522 931 616 995 ἄλλως
627 933 806 1009 βουλομένην
823 933 987 1010 ύποβαλέσι

188 1019 243 1078 θαι·
265 1019 339 1079 δεινοὶ
358 1020 388 1078 δὲ
406 1019 554 1080 ποιεύντων
573 1019 670 1093 αὐτῶν,
683 1025 734 1080 τοῦ
749 1020 852 1100 χρόνον
866 1023 981 1098 συντάμ·

189 1132 291 1177 νοντος,
302 1107 348 1166 ύπ’
359 1107 491 1183 ἀπιστίης
504 1112 530 1167 οἰ
544 1109 642 1186 ἔφοροι
651 1109 801 1168 τίκτουσαν
810 1110 862 1185 τήν
871 1115 986 1191 γυναῖκα

187 1196 372 1273 περιίζόμενοι
391 1195 543 1272 ἐφύλαιμν
564 1195 583 1272 ἡ
600 1197 629 1256 δὲ
643 1196 679 1260 ὦς
692 1199 766 1257 ἐτεκε
783 1201 891 1274 Δωριέα
911 1201 987 1260 ἰθέως

188 1284 263 1362 ἴσχει
276 1286 425 1362 Λεωνίδην,
440 1286 485 1344 καὶ
498 1285 569 1362 μετοί
582 1290 682 1345 τοῦτον
696 1287 773 1350 ἰθέως
786 1288 862 1364 ἴσχει
876 1285 987 1360 Κλεόμ·

186 1373 301 1448 βροτον·
330 1379 357 1434 οἱ
379 1375 407 1434 δὲ
426 1376 472 1432 καὶ
493 1375 622 1452 διδύμους
642 1375 760 1453 λέγουσι
782 1371 987 1447 Κλεόμβροτόν

187 1485 218 1519 τε
237 1464 282 1520 καὶ
298 1464 437 1536 Λεωνίδην
450 1464 591 1542 γενέσθαι·
612 1461 631 1534 η’
645 1461 675 1518 δὲ
689 1459 851 1532 Κλεομένεα
867 1461 988 1517 τεκοῦσα

190 1549 235 1606 καὶ
254 1549 287 1608 τό
309 1546 434 1625 δεύτερον
457 1549 616 1606 ἐπελθοῦσα
643 1546 721 1625 γυνή,
750 1549 836 1603 ἐοῦσα
864 1544 987 1625 θυγάτηρ

187 1636 365 1713 Πρινητάδεω
385 1640 435 1696 τοῦ
451 1634 645 1711 Δημαρμένου,
659 1629 751 1691 ούκέτι
772 1633 859 1718 ἔτικτε
876 1633 909 1694 τὰ
930 1635 986 1695 δεύ-

187 1750 276 1800 τερον.

139 1814 177 1870 42
227 1811 261 1870 ‘O
279 1813 331 1889 μὲν
350 1811 384 1886 δή
399 1811 570 1887 Κλεομένης,
586 1810 621 1872 ὦς
634 1810 755 1889 λέγεται,
770 1808 804 1886 ἦν
817 1835 848 1869 τε
859 1810 891 1870 ού
905 1817 987 1888 φρεν·

186 1897 255 1974 ήρης
282 1898 440 1976 ἀκρομανής
459 1924 498 1967 τε,
519 1897 535 1956 ὁ
557 1897 587 1956 δὲ
608 1896 729 1975 Δωριεύς
750 1897 785 1974 ἦν
811 1902 866 1958 τῶν
883 1897 988 1975 ήλίκων

186 1986 296 2046 πάντων
316 1991 433 2062 πρῶτος·
462 1985 491 2044 εὖ
511 2012 543 2044 τε
564 1987 698 2045 ἐπίστατο
721 1985 779 2046 κατ’
800 1985 988 2067 α’νδραγαθίην

187 2073 271 2137 αύτιίς
291 2073 409 2153 σχήσων
428 2073 480 2150 τήν
500 2075 667 2150 βασιληίην·
688 2073 761 2133 ὥστε
778 2073 815 2134 ὧν
834 2073 904 2133 οὕτω
919 2082 987 2152 φρο-

187 2163 262 2231 νέων,
277 2162 370 2239 ἐπειδή
385 2161 401 2223 ὅ
414 2188 445 2222 τε
457 2161 670 2238 Ἀναξανδρίδης
687 2161 809 2222 α’πέθανε
828 2163 874 2220 καὶ
891 2166 918 2221 οἱ
932 2169 987 2220 Λα-

187 2249 353 2328 κεδαιμόνιοι
371 2251 523 2330 χρεώμενοι
540 2254 579 2329 τῷ
597 2250 672 2329 νόμῳ
690 2250 848 2326 ἐστήσαντο
861 2252 989 2324 βασιλέα

185 2338 235 2398 τᾶν
255 2341 454 2417 πρεσβύτατον
478 2340 649 2416 Κλεομένεα,
671 2338 687 2398 ὁ
709 2337 830 2415 Δωριεύς
850 2338 939 2398 δεινόν
958 2365 989 2397 τε

186 2427 348 2505 ποιεύμενος
362 2430 407 2486 καὶ
421 2427 470 2486 ούκ
484 2427 568 2497 α’ξιῶν
585 2426 640 2487 ύπὸ
660 2427 835 2502 Κλεομένεος
852 2425 989 2500 βασιλεύ-

187 2517 277 2585 εσθαι,
299 2515 417 2590 αἰτήσας
437 2514 508 2574 λαὸν
532 2515 709 2591 Σπαρτιήτας
729 2513 781 2594 ἆγε
802 2519 829 2575 ἐς
850 2511 989 2591 ἀποικίην,

187 2601 250 2662 ούτε
276 2607 314 2682 τῷ
341 2608 370 2663 ἐν
399 2606 544 2678 Δελφοῖσι
569 2604 732 2682 χρηστηρίῳ
757 2601 936 2679 χρησάμενος
963 2607 990 2666 ἐς

187 2689 283 2767 ἥντινα
311 2695 365 2772 γῆν
392 2693 495 2750 κτίσων
523 2692 558 2770 ἰῃ,
588 2691 650 2751 οὔτε
680 2689 802 2764 ποιήσας
831 2687 910 2748 ούδέν
928 2693 995 2749 Ιτῶν

188 2779 381 2856 νομιζομένων,
404 2780 449 2839 οἰα
473 2779 502 2838 δὲ
525 2780 638 2856 βαρέως
662 2781 754 2854 φέρων
782 2776 857 2835 οἰπίει
885 2781 913 2839 ἐς
938 2778 991 2853 τήν

187 2865 299 2944 Λιβύην
316 2867 352 2927 τιί
365 2872 462 2928 πλοῖα·
485 2868 653 2948 κατηγέοντο
668 2866 699 2924 δέ
711 2868 737 2924 οἱ
754 2863 849 2941 ἅνδρες
862 2867 989 2942 Θηραῖοι.

188 2954 354 3032 ἀπικόμενος
375 2956 397 3016 δ’
419 2962 446 3020 ἐς
467 2956 587 3024 Κίνυπα,
609 2955 699 3013 οἴκισε
719 2957 812 3032 χῶρον
834 2950 991 3014 κάλλιστον

187 3048 241 3105 τῶν
259 3044 373 3122 Λιβύων
392 3045 468 3121 παρὰ
486 3043 623 3119 ποταμόν·
647 3042 807 3111 ἐξελασθεὶς
821 3041 850 3100 δὲ
867 3042 991 3102 ἐνθεῦτεν

188 3135 270 3212 τρίτῳ
291 3136 344 3192 έτεῖ
363 3132 418 3192 ύπὸ
439 3133 558 3190 Μακέων
576 3157 606 3189 τε
625 3131 671 3189 καὶ
686 3130 801 3205 Λιβύων
816 3130 861 3188 καὶ
876 3135 989 3209 Καρχη-

142 3221 294 3292 ΛΒδονίων,
308 3221 422 3280 ἀπίκετο
441 3227 469 3283 ἐς
488 3218 719 3295 Πελοπόννησον.
760 3216 897 3276 Ἐνθαῦτα
916 3219 947 3276 δέ
964 3221 991 3278 οἰ

189 3307 363 3387 Ἀντιχάρης,
384 3308 454 3385 ἀνὴρ
480 3306 626 3371 Ἐλεώνιος
651 3305 862 3384 συνεβούλευσε
885 3309 916 3363 ἐκ
936 3309 992 3374 τῶν
