2278 3538
167 158 277 221 ιι-ιυ]
495 159 648 207 omum.
920 158 967 230 ιιι

163 237 293 296 τούτοισι
316 237 367 312 μέν
386 235 501 312 τοιαύτη
522 235 573 306 νῦξ
584 237 705 317 ἐγίνετο.
747 239 831 297 Τοῖσι
851 237 881 296 δέ
900 257 965 318 ταχ-
978 239 1015 296 13

168 325 244 384 θεῖσι
257 323 346 383 αὐτῶν
362 323 529 399 περιπλώειν
542 323 670 398 Εὔβοιαν
688 318 706 399 ἡ
723 323 793 400 αὐτή
810 350 863 402 περ
883 329 969 384 ἐοῦσα

165 412 219 482 νῦξ
244 412 355 471 πολλόν
382 410 417 488 ἦν
445 413 484 471 έτι
510 410 671 492 ἀγριωτέρη,
701 412 827 492 τοσοιίτιρ
854 412 913 492 ὅσῳ
940 418 969 473 ἐν

165 501 286 582 πελάγεϊ
306 502 488 578 φερομένοισι
509 501 652 560 ἐπέπιπτε.
693 501 739 559 καὶ
758 501 791 559 τῦ
812 502 893 564 τέλος
913 508 969 578 σφι

165 589 277 668 ἐγένετο
292 586 389 666 ἄχαρι·
411 587 446 650 ώς
463 589 518 669 γὰρ
538 589 571 664 δὴ
592 589 721 649 πλώουσι
740 588 851 648 αῦτοῖσι
866 588 970 668 χειμών

164 702 199 735 τε
211 677 258 734 καὶ
270 675 304 736 τῦ
317 676 388 753 ὕδωρ
406 677 554 758 ἐπεγίνετο,
572 681 651 737 ἐοῦσι
671 676 741 737 κατά
754 677 793 737 ,τά
808 681 902 736 Κοῖλα
919 681 970 752 τὴς

166 764 302 841 Εὐβοίης,
318 764 468 842 φερόμενοι
480 769 518 844 τῷ
536 765 672 842 πνεύματι
690 767 735 825 καὶ
751 765 801 825 οῦκ
820 765 920 828 εἰδότες
934 792 970 845 τῃ

167 854 311 929 ἐφέροντο,
327 853 474 922 ἐξέπιπτον
493 854 563 930 πρὸς
578 855 628 917 τάς
645 856 756 931 πέτρας.
799 854 922 915 ἐποιέετό
938 879 970 913 τε

166 945 225 1000 πᾶν
238 940 293 1000 ῦπῦ
311 944 362 1001 τοῦ
376 941 449 1011 θεοῦ,
464 939 533 1004 ὅκως
548 939 583 1002 ἂν
601 943 745 1019 ἐξισωθείη
761 947 800 1022 τῷ
814 942 971 1021 Ἑλληνικῷ

166 1027 202 1087 τῦ
216 1028 367 1104 Περσικόν,
382 1029 452 1106 μηδὲ
465 1033 564 1108 πολλῷ
577 1031 665 1089 πλέον
679 1032 730 1103 εἴη.

207 1113 297 1176 Οὗτοι
316 1117 368 1193 μέν
388 1143 436 1175 νυν
457 1117 520 1194 περὶ
543 1117 579 1177 τά
601 1121 696 1176 Κοῖλα
713 1122 763 1193 τῆς
784 1117 909 1194 Εὖβοίης
932 1119 969 1177 δι·
980 1118 1018 1177 14

166 1204 342 1281 εφθείροντο·
371 1207 398 1263 οἶ
423 1203 449 1262 δ’
470 1209 499 1264 ἐν
518 1204 658 1282 Ἀφέτῃσι
682 1204 836 1282 βάρβαροι,
859 1203 894 1268 ώς
914 1211 970 1281 σφι

166 1292 319 1368 ἀσμένοισι
326 1292 417 1370 ἡμέρη
426 1294 578 1371 ἐπέλαμψε,
585 1292 708 1370 ἀτρέμας
717 1319 748 1353 τε
759 1293 834 1372 εἶχον
842 1293 892 1357 τοὶς
899 1295 969 1364 νέας,

168 1383 217 1439 καί
228 1387 284 1456 σφι
297 1379 449 1460 ἀπεχρέετο
466 1386 554 1445 κακῶς
573 1381 740 1459 πρήσσουσι
758 1381 880 1460 ἡσυχίην
893 1381 970 1463 ἄγειν

169 1473 199 1528 έν
217 1473 256 1547 τῷ
275 1470 416 1546 παρέοντι·
443 1474 520 1530 τοῖσι
540 1471 570 1528 δὲ
585 1469 713 1544 Ἕλλησι
734 1469 892 1545 ἐπεβώθεον
913 1471 970 1532 νέες

166 1560 242 1632 τρεῖς
256 1557 301 1615 καὶ
319 1557 491 1633 πεντήκοντα
504 1557 638 1616 Ἀττικαί.
680 1555 764 1618 αὗταί
779 1583 810 1617 τε
829 1557 863 1633 δή
872 1564 967 1633 σφεας

167 1645 330 1723 ἐπέρρωσαν
357 1643 530 1724 ἀπικόμεναι,
559 1646 605 1704 καὶ
624 1644 685 1724 ἅμα
703 1646 824 1730 ἀγγελίη
845 1647 970 1707 ἐλθοῦσα

168 1731 205 1796 ὦς
224 1737 280 1793 τιῦν
306 1735 462 1812 βαρβάοων
488 1737 517 1793 οἱ
543 1734 748 1812 περιπλώοντες
766 1733 818 1811 τὴν
843 1734 971 1812 Εὔβοιαν
1019 1733 1022 1740 ’

167 1821 270 1885 πάντες
303 1823 402 1897 εἴησαν
427 1824 625 1900 διεφθαρμένοι
655 1823 710 1883 ιίπά
740 1828 790 1883 τοῦ
821 1824 971 1904 γενομένου

167 1914 312 1988 χειμῶνος·
334 1909 509 1986 φυλάξαντες
525 1912 554 1970 δὲ
566 1911 618 1986 τὴν
631 1910 717 1988 αῦπὴν
736 1910 815 1988 ὥρην,
831 1912 971 1973 πλώοντες

169 1998 309 2058 ἐπέπεσον
329 1999 411 2074 νηυσὶ
432 2001 605 2076 Κιλίσσῃσι·
629 1999 730 2061 ταύτας
747 1999 776 2058 δὲ
795 1999 969 2074 διαφθείραν-

168 2111 222 2154 τες,
244 2086 279 2150 ὥς
301 2085 423 2165 εὐφρόνη
448 2089 565 2169 ἐγένετο,
587 2085 736 2146 ἀπέπλωον
753 2085 845 2145 ὀπίσω
869 2087 914 2144 ἐπὶ
937 2085 970 2145 τῦ

167 2171 356 2250 Ἀρτεμίσιον.

210 2263 296 2340 Τρίτῃ
309 2255 450 2342 δέἡμέρῃ,
465 2260 553 2323 δεινόν
569 2288 596 2322 τι
613 2261 797 2338 ποιησάμενοι
812 2264 838 2320 οἱ
851 2285 970 2339 στρατη·
980 2263 1017 2322 15

169 2351 217 2432 γοὶ
226 2356 281 2411 πιῦν
290 2352 446 2429 βαρβάρων
456 2351 518 2414 νέας
527 2351 597 2412 οὕτω
605 2356 661 2426 σφι
670 2349 768 2432 ὀλίγας
776 2351 969 2428 λυμαίνεσθαι,

168 2440 217 2498 καὶ
234 2437 267 2498 τῦ
284 2439 340 2499 ἀπὸ
361 2440 469 2518 Ξέρξεω
489 2439 681 2517 δειμαίνοντες,
696 2438 745 2499 οῦκ
766 2438 910 2515 ἀνέμειναν
931 2439 970 2498 ἔτι

167 2527 234 2590 τοῦς
242 2527 386 2604 Ἕλληνας
395 2519 488 2607 μάχης
502 2527 591 2606 ἄρξαι,
603 2527 680 2587 ἀλλά
693 2526 970 2606 παρακελευσάμενοι

102 2605 107 2620 ’
169 2615 241 2674 κατά
255 2617 345 2692 μέσον
361 2617 466 2693 ἡμέρης
482 2615 586 2698 ἀνῆγον
606 2615 656 2679 τάς
676 2617 747 2679 νέας·
768 2616 921 2676 συνέπιπτε
941 2616 971 2674 δέ

168 2702 244 2762 ὥστε
256 2708 318 2768 ταῖς
329 2703 425 2767 αῦταῖς
437 2705 553 2782 ἡμέραις
565 2703 615 2766 τάς
628 2729 658 2767 τε
676 2706 830 2784 ναυμαχίας
842 2705 971 2786 γίνεσθαι

168 2791 271 2854 ταύτας
299 2795 344 2851 καὶ
370 2793 420 2855 τάς
446 2793 619 2872 πεζομαχίας
638 2792 688 2856 τᾶς
709 2799 738 2852 ἐν
758 2792 970 2870 Θερμοπύλῃσι·

169 2877 205 2953 ἦν
225 2880 255 2940 δέ
274 2886 329 2944 πιῖς
350 2881 365 2941 α’
386 2881 461 2962 ἀγών
481 2887 556 2940 τοῖσι
578 2880 648 2940 κατά
670 2880 821 2940 θάλασσαν
842 2882 972 2956 περὶτοῦ

169 2964 303 3043 Εῦρίε-ου,
317 2969 414 3045 ὥσπερ
431 2972 507 3027 τοῖσι
526 2967 602 3044 ἀμφὶ
622 2968 759 3027 Λεωνίδεα
777 2967 828 3043 τὴν
842 2965 971 3042 ἐσβολὴν

169 3055 342 3130 φυλάσσειν·
384 3061 410 3116 οἶ
436 3059 487 3132 μὲν
518 3056 552 3132 δὴ
582 3055 807 3132 παρεκελεύοντο,
837 3054 905 3130 ὅκως
931 3053 971 3129 μὴ

169 3143 334 3219 παρήσουσι
363 3150 390 3208 ἐς
418 3144 469 3219 τὴν
494 3143 621 3203 Ἑλλάδα
649 3144 713 3206 τοῦς
741 3141 916 3219 βαρβάρους·
946 3144 972 3200 οἱ

170 3229 203 3299 δ’,
224 3230 293 3296 ὅκως
318 3233 351 3294 τῦ
371 3232 539 3307 Ἑλληνικὸν
566 3231 726 3308 στράτευμα
753 3229 969 3306 διαφθείραντες,

171 3323 222 3380 τοῦ
235 3319 324 3398 πόρου
339 3319 522 3400 κρατήσουσι.
556 3318 605 3384 Ὡς
618 3319 647 3379 δὲ
660 3316 809 3395 ταξάμενοι
823 3319 850 3378 οἳ
862 3317 970 3396 Ξέρξεω
981 3317 1018 3377 16

1073 3447 1131 3508 Δ
