2276 3538
195 167 241 214 136
493 162 678 212 ἨΡΟΔΟΤΟΤ
911 161 988 222 ΠΗ,

147 246 182 303 31
195 242 243 304 Ὡς
257 242 286 301 δὲ
300 246 330 301 ἐκ
343 244 394 316 τῆς
407 242 528 322 Φρυγίης
549 243 674 317 ἐσέβαλε
694 245 721 304 ἐς
741 239 793 317 τήν
804 241 916 317 Λυδίην,
931 269 992 322 αχι,

194 331 309 406 ζομένης
321 333 371 405 τῆς
384 329 458 398 ὁδοῦ,
473 331 519 388 καὶ
532 334 583 404 τῆς
595 331 647 405 μὲν
660 334 688 392 ἐς
701 328 851 405 ἀριστερὴν
870 329 915 388 ἐπὶ
935 337 993 390 Κα-

192 420 253 495 ρίης
272 417 420 495 φερούσης,
439 422 490 493 τῆς
512 418 542 476 δὲ
561 422 588 479 ἐς
606 416 698 492 δεξιήν
719 421 746 478 ἐς
764 416 873 493 Σάρδις,
894 421 929 496 τῇ
949 420 993 490 καὶ

191 508 366 585 πορευομένῳ
379 506 512 582 διαβῆναι
526 505 576 565 τόν
590 505 753 581 Μαίανδρον
765 504 894 580 ποταμόν
914 510 994 572 παῖσα

193 593 300 675 ἀνάγκη
317 595 431 674 γίνεται,
447 594 493 651 καὶ
507 594 575 652 ἱέναι
592 591 668 669 παρά
683 592 879 668 Καλλάτηβον
900 593 993 666 πόλιν,

192 687 221 742 ἐν
233 686 269 760 τῇ
286 680 381 758 ἄνδρες
394 680 554 761 δημιοεργοὶ
571 681 639 756 μέλι
661 685 690 738 ἐκ
708 681 824 756 μυρίκης
837 707 868 739 τε
882 681 927 739 καὶ
944 708 994 741 πυ-

192 773 243 847 ροῦ
263 773 382 838 ποιεῦσι,
404 768 507 843 ταύτην
529 767 576 826 ἷιῦν
598 767 613 827 ό
635 768 742 844 Ξέρξης
763 767 816 842 τήν
837 767 910 837 ὁδόν,
933 767 995 846 εῦρε

191 856 391 925 πλατάνιστον,
404 856 456 931 τήν
471 854 590 918 κάλλεος
604 857 694 915 εἵνεκα
710 854 906 933 δωρησάμενος
927 857 994 917 κόσ-

191 971 234 1024 μῳ
247 945 357 1022 χρυσέῳ
372 943 417 1002 καὶ
430 943 575 1022 μελεδωνῷ
588 943 715 1023 ἀθανάτῳ
734 942 813 1020 ἀνδρὶ
834 946 992 1023 ἐπιτρέψας,

145 1035 182 1092 32
192 1033 303 1111 δευτέρη
313 1031 403 1111 ἡμέρη
414 1031 528 1091 ἀπίκετο
544 1037 571 1094 ἐς
579 1035 634 1091 τιῦν
644 1031 742 1091 Λυδῶν
755 1030 787 1090 τῦ
802 1029 885 1091 άστυ.
915 1032 993 1092 Ἀπι-

193 1120 307 1197 κόμενος
319 1121 349 1179 δέ
363 1125 390 1182 ἐς
404 1119 511 1196 Σάρδις,
525 1124 621 1196 πριῦτα
634 1121 686 1196 μὲν
707 1119 854 1196 ἀπέπεμπε
875 1120 994 1197 κήρυκας

192 1214 219 1272 ἐς
239 1209 290 1285 τήν
311 1207 445 1278 Ἑλλάδα,
470 1207 636 1284 αἰτήσοντας
659 1211 714 1288 γῆν
735 1233 766 1266 τε
787 1209 833 1266 καὶ
854 1207 925 1284 ὕδωρ
948 1212 993 1269 καὶ

191 1298 372 1374 προερέοντας
394 1297 490 1355 δεῖπνα
513 1297 634 1372 βασιλέϊ
658 1295 890 1372 παρασκευάζειν·
916 1297 994 1374 πλήν

192 1385 255 1445 ούτε
270 1391 297 1448 ἐς
309 1384 430 1460 Ἀθήνας
443 1383 507 1442 οὔτε
524 1389 551 1447 ἐς
564 1384 759 1460 Λακεδαίμονα
780 1383 927 1460 ἀπέπεμπε
947 1387 993 1445 ἐπὶ

191 1479 243 1554 γῆς
262 1475 380 1548 αἴτησιν,
396 1476 431 1550 τῇ
445 1473 474 1530 δέ
489 1471 564 1549 άλλη
578 1473 677 1547 πάντη·
699 1472 784 1531 τιῦνδε
802 1473 831 1530 δὲ
851 1473 940 1532 εἵνεκα
959 1474 992 1534 τῦ

192 1561 316 1636 δεύτερον
338 1560 484 1634 ἀπέπεμπε
506 1561 551 1617 ἐπὶ
567 1564 621 1640 γῆν
635 1586 666 1618 τε
679 1560 725 1618 καὶ
738 1558 818 1636 ὕδωρ·
840 1559 905 1619 ὅσοι
925 1562 992 1637 πρό·

191 1675 271 1724 τερον
288 1647 337 1706 ούκ
354 1648 455 1706 ἔδοσαν
469 1648 577 1726 Δαρείῳ
598 1648 748 1725 πέμψαντι,
763 1647 877 1711 τούτους
896 1648 993 1729 πάγχυ

193 1735 282 1795 ἐδόκεε
296 1735 359 1794 τότε
373 1734 518 1797 δείσαντας
539 1735 647 1794 δώσειν·
669 1735 845 1812 βουλόμενος
866 1735 903 1793 ιῦν
924 1735 992 1796 αύτῦ

191 1829 273 1883 τοῦτο
304 1824 433 1900 ἐκμαθεῖν
459 1822 589 1900 ἀκριβῶς,
616 1825 734 1900 ἔπεμπε·
761 1822 832 1899 μετά
855 1823 992 1884 δὲταῦτα

191 1910 413 1989 παρεσκευάζετο
427 1910 463 1972 αἷς
477 1915 547 1970 ἐλιῦν
562 1917 588 1974 ἐς
596 1911 733 1987 Ἀβυδον.

143 2002 182 2061 33
232 2004 269 2060 Οἱ
282 2001 311 2060 δέ
325 2007 354 2060 ἐν
367 1999 455 2078 τούτῳ
470 1998 520 2058 τόν
535 1999 752 2075 Ἑλλήσποντον
772 2000 940 2080 ἐζεύγνυσαν
961 2006 992 2060 ἐκ

190 2095 240 2166 τῆς
259 2089 358 2166 Ἀσίης
380 2095 406 2152 ἐς
426 2088 477 2163 τήν
493 2087 638 2164 Εὐρώπην.
681 2088 741 2147 ἐστι
762 2087 791 2146 δὲ
811 2093 861 2164 τῆς
882 2094 991 2165 Χερσο·

191 2179 279 2255 νήσου
299 2181 349 2254 τῆς
368 2183 396 2237 ἐν
411 2176 623 2255 Ἑλλησπόντῳ,
642 2177 755 2250 Σηστοῦ
773 2203 805 2235 τε
823 2175 924 2238 πόλιος
943 2203 991 2253 με·

190 2268 259 2337 ταξύ
281 2267 326 2325 καὶ
340 2265 482 2336 Μαδύτου,
497 2263 567 2338 ἀκτή
580 2265 685 2342 τραχέα
700 2261 731 2326 ἐς
740 2264 892 2323 θάλασσαν
909 2265 991 2340 κατή-

191 2381 280 2413 κουσα
301 2353 413 2431 Ἀβύδῳ
438 2352 591 2410 καταντίον·
616 2351 680 2412 ἔνθα
703 2351 774 2428 μετά
793 2355 880 2411 ταῦτα
900 2351 991 2432 χρόνῳ

190 2443 308 2518 ὕστερον
328 2439 360 2499 ού
378 2443 486 2516 πολλῷ,
508 2439 553 2497 ἐπὶ
569 2440 734 2501 Ξανθίππου
754 2444 804 2498 τοῦ
824 2439 992 2515 Ἀρίφρονος

191 2532 351 2609 στρατηγοῦ
374 2526 534 2600 Ἀθηναίων,
561 2526 733 2605 Ἀρταΰκτην
762 2527 848 2604 ἄνδρα
875 2528 995 2604 Πέρσην

191 2616 330 2693 λαβόντες
339 2617 450 2690 Σηστοῦ
465 2613 599 2693 ὕπαρχον,
609 2616 696 2686 ζῶντα
709 2615 780 2692 πρός
790 2616 891 2675 σανίδα
901 2641 991 2691 προσ-

190 2703 447 2763 διεπασσάλευσαν·
468 2702 499 2765 ῦς
513 2705 558 2761 καὶ
573 2709 600 2766 ἐς
612 2707 661 2762 τοῦ
676 2702 863 2779 Πρωτεσίλεω
879 2702 912 2762 τό
932 2704 992 2779 ἱράν

191 2793 218 2855 ἐς
231 2793 397 2872 Ἐλαιοῦντα
407 2791 582 2872 ἀγινεόμενος
589 2795 727 2872 γυναῖκας,
736 2790 855 2867 ἀθέμιτα
869 2790 989 2867 ἔρδεσκε.

143 2881 237 2944 34Ἐς
255 2879 356 2956 ταύτην
380 2879 416 2939 ὧν
436 2879 488 2954 τήν
512 2879 599 2954 ἀκτήν
623 2879 652 2948 ἐξ
673 2877 798 2954 Ἀβύδου
821 2877 991 2955 ὁρμειόμευοι

191 2969 344 3051 ἐγεφύρουν
369 2973 445 3028 τοῖσι
469 2969 645 3044 προσεκέετο,
670 2966 722 3041 τήν
748 2969 799 3043 μὲν
826 2967 991 3024 λευκολίνου

191 3060 321 3128 Φοίνικες,
345 3057 397 3132 τήν
424 3055 446 3114 δ’
470 3056 564 3130 ἑτέρην
590 3055 642 3130 τήν
664 3055 808 3130 βυβλίνην
831 3053 990 3134 Αἰγύπτιοι·

192 3147 298 3207 ἔστιδὲ
317 3144 386 3204 ἑπτά
405 3143 515 3202 στάδιοι
535 3143 565 3212 ἐξ
581 3141 707 3218 Ἀβύδου
729 3147 757 3204 ἐς
776 3142 828 3217 τήν
847 3141 990 3200 ἀπαντίον.

145 3237 182 3294 35
192 3236 249 3294 Καὶ
263 3233 296 3309 δή
311 3233 472 3312 ἐζευγμένου
492 3234 542 3288 τοῦ
563 3229 660 3307 πόρου,
675 3229 867 3310 ἐπιγενόμενος
886 3229 992 3307 χειμιῦν

191 3323 279 3402 μέγας
299 3319 437 3396 συνέκοψέ
455 3343 486 3376 τε
507 3321 596 3376 ἐκεῖνα
611 3317 702 3377 πάντα
716 3317 762 3376 καὶ
775 3316 897 3376 διέλυσε·
919 3315 991 3379 ιῦςδ
