2276 3538
953 4 1132 123 N

156 180 265 242 26-30]
435 175 438 188 '
470 182 656 231 ΠΟΛΤΜΝῙΛ.
905 183 952 232 135

154 287 200 320 τοι
226 260 359 337 ἀτρεκέως
384 263 535 331 καταλέξω·
564 264 625 322 ἐπεί
645 288 676 322 τε
698 263 753 344 γάρ
774 263 898 342 τάχιστά
919 288 954 323 σε

156 348 299 424 ἐπυθόμην
317 350 362 407 ἐπὶ
384 349 535 409 θάλασσαν
557 351 763 426 καταβαίνοντα
783 350 834 425 τήν
851 351 953 426 Ἑλλη-

154 437 224 505 νίδα,
245 435 421 512 βουλόμενός
438 461 482 495 τοι
503 438 599 496 δοῦναι
622 443 649 500 ἐς
669 437 719 497 τόν
740 437 865 514 πόλεμον
886 438 953 516 χρή-

154 549 238 599 ματα,
261 525 402 600 ἐξέμαθον,
430 525 475 582 καὶ
502 522 581 601 εὗρον
608 525 795 605 λογιζόμενος,
821 525 952 602 ἀργυρίου

153 613 206 686 μὲν
219 611 267 669 δύο
280 611 409 689 χιλιάδας
430 611 529 675 ἐούσας
548 639 598 690 μοι
618 612 768 685 ταλάντων,
784 613 903 689 χρυσίου
924 612 953 670 δὲ

153 705 335 774 τετρακοσίας
355 699 489 774 μυριάδας
509 699 654 776 στατήρων
668 703 817 776 Δαρεικῶν,
833 698 953 760 ἐπιδεού-

154 811 208 848 σας
222 786 290 844 ἐπτά
304 786 460 864 χιλιαδέων.
492 787 538 845 καὶ
550 788 679 846 τούτοισί
691 813 726 863 σε
740 787 793 868 ἐγώ
807 787 951 862 δωρεόμαιΙ

153 871 226 951 αύτῷ
243 873 266 932 δ’
281 874 342 948 ἐμοὶ
360 872 416 933 α’πό
433 873 612 952 ἀνδραπόδων
629 901 659 934 τε
679 877 725 933 καὶ
738 875 892 955 γεωπεδίων
906 875 952 950 α’ρ-

354 959 463 982 stne

153 960 221 1019 κέων
243 962 304 1019 ἐστὶ
325 963 399 1037 βιος.
464 969 489 1021 0
512 963 563 1038 μὲν
583 967 671 1020 ταῦτα
693 964 780 1042 ἔλεγε·
802 964 906 1038 Ξέρξης
922 963 951 1022 δὲ
961 965 998 1020 28

152 1046 250 1120 ἡσθεὶς
271 1052 347 1108 τοῖσι
370 1049 547 1126 εἰρημένοισι,
570 1050 641 1108 εἶπε·
671 1061 687 1084 “
697 1049 767 1117 ξεῖνε
791 1051 872 1118 Λυδὲ,
898 1049 951 1128 ἐγιῦ

153 1137 215 1194 ἐπεί
232 1161 263 1195 τε
285 1137 403 1211 ἐξῆλθον
424 1136 476 1211 τήν
492 1136 620 1212 Περσίδα
641 1138 741 1214 χώρην,
763 1137 852 1196 ούδενὶ
874 1137 952 1214 ἀνδρὶ

152 1225 287 1300 συνέμιξα
306 1229 332 1286 ἐς
355 1225 425 1296 τοδε,
450 1224 528 1286 ὅστις
550 1223 677 1299 ἠθέλησε
701 1225 787 1292 ξείνια
807 1226 950 1299 προθεῖναι

152 1317 263 1390 στρατῷ
278 1317 316 1391 τῷ
334 1317 397 1391 ἐμῷ,
412 1311 474 1370 οῦδὲ
495 1311 574 1374 ὅστις
594 1317 621 1372 ἐς
642 1312 707 1387 ὄψιν
719 1311 771 1385 τήν
785 1310 854 1387 ἐμήν
869 1338 950 1370 κατα·

152 1400 222 1462 στάς
242 1399 467 1480 αὐτεπάγγελτος
486 1404 513 1461 ἐς
530 1399 580 1458 τόν
598 1399 724 1475 πόλεμον
746 1399 808 1475 ἐμοὶ
826 1399 950 1474 ἠθέλησε

152 1489 355 1563 συμβαλέσθαι
367 1487 505 1565 χρήματα,
517 1487 566 1555 ἔξω
581 1490 641 1544 σεῦ·
663 1486 700 1546 σῦ
714 1486 743 1544 δέ
757 1487 803 1544 καὶ
817 1487 950 1555 ἐξείνισας

150 1575 279 1655 μεγάλως
303 1575 425 1652 στρατόν
445 1575 494 1634 τόν
516 1575 591 1651 ἐμόν,
614 1575 659 1632 καὶ
683 1573 815 1652 χρήματα
838 1573 950 1654 μεγάλα

151 1665 348 1743 ἐπαγγέλλεαι.
390 1664 439 1721 σοὶ
453 1661 489 1721 ὦν
503 1661 555 1742 ἐγιῦ
570 1662 631 1721 ἀντὶ
648 1661 736 1721 αύτῶν
756 1663 839 1742 γέρεα
857 1662 949 1722 τοιάδε

151 1749 256 1826 δίδωμι·
278 1750 366 1820 ξεῖνόν
384 1751 417 1809 τέ
428 1775 462 1808 σε
475 1754 605 1826 ποιεῦμαι
619 1749 685 1826 ἐμόν
699 1750 745 1808 καῖ
758 1749 807 1813 ταῖς
820 1776 948 1826 τετρακο-

150 1839 215 1899 σίας
235 1838 369 1914 μυριάδας
389 1863 433 1896 τοι
456 1841 510 1896 τῶν
534 1837 679 1913 στατήρων
703 1837 862 1912 ἀποπλήσω
883 1837 948 1915 παρ’

151 1930 295 2001 ἐμεωυτοῦ,
310 1925 372 1987 δούς
390 1925 439 1987 τάς
457 1923 526 1984 ἐπτά
544 1925 681 2002 χιλιάδας·
705 1925 806 2001 ἵναμή
826 1952 870 1984 τοι
891 1931 948 1984 ἐπι·

150 2013 223 2075 δεέες
238 2014 303 2071 ἐωσι
319 2017 348 2071 αἱ
365 2011 543 2088 τετρακόσιαι
559 2012 688 2089 μυριάδες
705 2012 774 2072 ἑπτά
790 2011 945 2090 χιλιαδέων,

150 2099 215 2158 ἀλλ’
229 2099 248 2179 ᾖ
262 2127 306 2160 τοι
327 2100 513 2180 ἀπαρτιλογίη
532 2099 578 2157 ὑπ’
592 2100 656 2176 ἐμέο
671 2100 883 2175 πεπληρωμένη·
905 2100 947 2158 κέ-

151 2188 239 2263 κτησό
252 2215 283 2247 τε
297 2188 379 2251 αύτῦς
397 2186 433 2247 τά
453 2213 505 2263 περ
523 2186 605 2249 αύτός
619 2185 749 2260 ἐκτήσαο,
764 2185 905 2246 ἐπίστασό
916 2213 948 2246 τε

151 2275 220 2334 εἶναι
235 2279 288 2335 αἰεὶ
307 2280 441 2338 τοιοῦτοςΙ
463 2275 495 2334 ού
515 2274 570 2354 γάρ
590 2300 635 2334 τοι
647 2278 734 2334 ταῦτα
747 2277 870 2333 ποιεῦντι
884 2271 947 2333 ούτε

150 2369 177 2425 ἐς
189 2363 222 2423 τό
235 2364 338 2440 παρεόν
353 2363 415 2422 οὗτε
430 2369 457 2426 ἐς
468 2363 570 2441 χρόνον
583 2360 800 2438 μεταμελήσει.”

189 2456 293 2518 ΤαῦταΙ
303 2453 332 2510 δὲ
353 2451 431 2514 εἶπας
451 2452 496 2508 καὶ
517 2452 644 2510 ἐπιτελέα
658 2451 786 2525 ποιήσας,
802 2449 947 2526 ἐπορεύετο
955 2455 994 2512 30

149 2539 202 2596 αἰεὶ
215 2538 247 2598 τό
261 2539 369 2615 πρόσω.
406 2537 514 2598 ’Ἄναυα
528 2539 557 2597 δέ
572 2539 742 2614 καλεομένην
761 2541 876 2618 Φρυγῶν
897 2539 946 2598 πό-

149 2630 196 2685 λιν
215 2626 465 2703 παραμειβόμενος,
481 2627 526 2684 καῖ
542 2627 644 2702 λίμνην
658 2631 687 2684 ἐκ
704 2630 754 2701 τῆς
771 2625 837 2688 ἅλες
857 2630 946 2706 γίνον-

148 2739 201 2783 ται,
216 2714 330 2773 ἀπίκετο
347 2720 374 2776 ἐς
388 2714 551 2782 Κολοσσαῖς,
572 2713 656 2772 πόλιν
676 2714 803 2794 μεγάλην
817 2715 945 2793 Φρυγίης,

150 2807 178 2860 ἐν
190 2806 226 2880 τῇ
236 2801 326 2865 Λύκος
337 2801 462 2877 ποταμός
473 2806 499 2863 ἐς
512 2801 612 2880 χάσμα
626 2806 678 2881 γῆς
692 2801 844 2876 ἐσβάλλων
858 2800 945 2876 ἀφαν-

149 2890 242 2959 ίζεται,
257 2891 351 2949 ἔπειτα
365 2890 410 2948 διὰ
423 2889 542 2950 σταδίων
557 2889 591 2951 ὦς
601 2891 683 2948 πέντε
693 2889 821 2964 μάλιστά
835 2915 869 2964 κη
883 2888 946 2948 ἀνα-

149 2977 316 3053 φαινόμενος
332 2977 433 3035 ἐκδιδοῖ
448 2977 493 3034 καὶ
507 2973 586 3038 οὗτος
600 2982 627 3039 ἐς
639 2975 688 3035 τόν
702 2977 873 3052 Μαίανδρον.
915 2981 946 3034 ἐκ

148 3064 177 3122 δὲ
187 3066 362 3124 Κολοσσέων
375 3065 546 3141 όρμεάμενος
557 3064 572 3124 ὁ
587 3065 707 3141 στρατός
718 3065 763 3122 ἐπὶ
776 3064 839 3124 τοῦς
850 3061 947 3139 οὔρους

147 3157 201 3212 τῶν
222 3157 338 3233 Φρυγιῦν
361 3155 406 3210 καὶ
426 3158 480 3212 τῶν
501 3153 606 3220 Λυδῶν,
628 3151 742 3210 ἀπίκετο
765 3157 791 3214 ἐς
814 3149 946 3226 Κύδραρα

146 3241 241 3301 πόλιν·
264 3242 329 3300 ἔνθα
343 3241 436 3315 στήλη
450 3245 668 3320 καταπεπηγυῖα,
683 3240 821 3298 σταθεῖσα
842 3237 871 3295 δὲ
891 3236 945 3297 ῦπό

147 3330 285 3403 Κροίσου,
308 3326 474 3402 καταμηνύει
495 3327 541 3386 διά
562 3324 733 3407 γραμμάτων
755 3323 820 3387 τοῦς
841 3322 946 3400 οὔρους.
