2268 3536
390 472 740 543 ‘HPOAOTOY

332 608 588 682 ἸΣΤΟΡΙΩΝ
623 612 783 682 ‘Em

513 776 613 802 —0—

496 889 629 941 ΕΡΑΤΩ.

227 997 502 1059 ἈΡΙΣΤΑΓΟΡΗΣ
518 997 570 1073 μέν
580 1023 628 1056 νυν
637 997 742 1071 Ἰωνίην
755 993 929 1069 ἀποστήσας,
941 992 985 1053 οὗ·

187 1112 226 1145 τω
244 1089 369 1164 τελευτᾷ.
410 1083 543 1147 Ἱστιαῖος
562 1085 590 1142 δὲ
609 1084 623 1143 ὁ
641 1083 772 1159 Μιλήτου
790 1081 920 1160 τόραννος
938 1107 985 1158 με·

187 1176 332 1251 μετιμένος
352 1172 406 1231 ὗττδ
427 1173 546 1248 Δαρείου
564 1177 657 1247 παρῆν
676 1177 703 1234 ές
719 1171 825 1247 Σάρδις.
869 1169 983 1251 α’πιγμέ·

188 1287 236 1321 νον
255 1263 284 1322 δὲ
303 1261 387 1321 αὐτόν
405 1266 435 1320 έκ
453 1265 508 1319 τῶν
523 1261 638 1323 Σούσων
659 1261 747 1336 εἴρετο
759 1258 950 1335 Ἀρταφέρνης
970 1258 985 1316 ὁ

189 1351 313 1427 Σαρδίων
326 1350 459 1428 ὕπαρχος,
475 1348 545 1407 κατὰ
560 1347 636 1407 κοῖόν
656 1375 683 1407 τι
704 1347 794 1406 δοκέοι
807 1346 904 1408 Ἴωνας
920 1345 977 1404 οἶπε

191 1438 309 1508 στόναι;
331 1439 346 1498 ὁ
369 1439 399 1496 δὲ
422 1436 484 1496 οὔτε
507 1437 605 1495 εἰδέναι
627 1438 681 1511 ἔφη
701 1435 824 1510 ἐθώμαζέ
840 1461 870 1493 τε
890 1434 922 1492 τό
941 1459 984 1514 γε·

188 1527 277 1607 γονδς,
303 1527 337 1589 οἷς
359 1524 438 1584 οὐδὲν
459 1525 541 1600 δῆθεν
562 1529 617 1584 τῶν
639 1524 796 1602 παρεόντων
816 1522 985 1608 πρηγμάτων

189 1613 383 1691 ἐπιστάμενος·
405 1612 420 1672 ό
436 1612 464 1670 δὲ
477 1611 667 1689 Ἀρταφέρνης
682 1610 767 1687 ὁρέων
787 1608 870 1668 αὐτόν
890 1609 984 1687 τεχνά-

190 1702 280 1772 ζοντα,
303 1701 370 1771 είπε,
396 1700 471 1763 είδῶς
494 1700 554 1775 τήν
571 1699 698 1776 αἷτρεκίην
725 1702 775 1774 τής
800 1696 983 1760 α’ποστόσιος·

190 1800 207 1825 “
217 1789 286 1848 οὕτω
306 1816 358 1858 τοι,
372 1789 495 1857 Ἱστιαῖε,
511 1790 567 1866 ἔχει
588 1787 658 1846 κατὰ
677 1792 764 1846 ταῦτα
777 1786 812 1845 vd
825 1784 983 1866 πρήγματα·

188 1882 271 1937 τοῦτο
293 1877 325 1937 τό
347 1877 477 1953 όπόδημα
499 1878 619 1953 ἔρραψας
639 1878 691 1951 μὲν
712 1875 757 1944 σι),
777 1873 935 1948 ὖπεδήσατο
956 1873 985 1932 δὲ

76 1987 77 1990 ’
155 1964 415 2047 2Ἀρισταγὸρης.”
462 1963 653 2041 Ἀρταφέρνης
681 1967 732 2040 μὲν
761 1967 848 2021 ταῦτα
880 1966 906 2023 ές
934 1962 985 2036 τήν

190 2054 349 2114 ἀπόστασιν
371 2055 469 2132 ἔχοντα
489 2052 558 2110 εἶπε·
579 2052 710 2114 Ἱστιαῖος
723 2052 752 2109 δὲ
766 2051 859 2112 δείσας
873 2050 908 2111 οἷς
921 2077 984 2108 συν·

190 2144 265 2202 ιέντα
287 2142 485 2218 Ἀρταφέρνεα,
510 2141 564 2200 ὑπό
592 2139 644 2215 τήν
671 2138 782 2214 πρώτην
810 2138 985 2197 ἐπελθοῦσαν

189 2231 273 2290 νύκτα
294 2230 400 2307 α’πέδρη
420 2230 465 2288 ἐπὶ
487 2229 646 2296 θάλασσαν,
660 2228 787 2303 βασιλέα
809 2230 927 2302 Δαρεῖον
945 2229 985 2296 ε’ξ-

188 2318 345 2394 ηπατηκοίς·
367 2318 397 2380 ὃς
411 2317 508 2394 Σαρδὼ
528 2321 615 2391 νῆσον
633 2316 684 2390 τήν
701 2319 838 2395 μεγίστην
855 2313 986 2383 ὑποδεξά-

188 2432 271 2482 μενος
287 2405 524 2485 κατεργάσασθαι,
539 2404 653 2462 ὑπέδυνε
673 2408 727 2462 τῶν
740 2401 838 2461 Ἰώνων
858 2403 909 2477 τήν
924 2403 986 2483 ήγε-

188 2494 287 2570 μανίην
308 2497 357 2551 τοῦ
379 2493 448 2568 πρός
471 2497 590 2568 Δαρεῖον
612 2493 747 2568 πολέμου.
791 2491 891 2566 διαβὰς
912 2491 940 2548 δὲ
961 2495 988 2551 ές

189 2582 259 2641 Χίον
287 2580 366 2654 ἐδέθη
387 2579 440 2638 ίπό
466 2580 550 2649 Χίων,
578 2580 782 2660 καταγνωσθεὶς
804 2577 874 2655 πρός
901 2577 988 2636 αὐτῶν

190 2668 307 2745 νεώτερα
320 2666 460 2744 πρήσσειν
474 2667 626 2749 πρήγματα
641 2671 668 2729 ἐς
682 2667 797 2728 ε’ωυτούς
815 2672 844 2724 ἐκ
860 2666 988 2741 Δαρείου·

189 2755 325 2833 μαθόντες
338 2756 434 2831 μέντοι
449 2759 475 2815 οἶ
489 2759 555 2814 Χῖοι
568 2754 618 2814 τόν
631 2753 723 2814 πάντα
742 2754 836 2834 λόγον,
853 2753 887 2816 ὥς
906 2754 989 2811 πολέ-

156 2849 173 2903 3
187 2871 250 2922 μιος
265 2845 305 2920 εἴη
320 2845 448 2919 βασιλέϊ,
464 2846 567 2903 ἔλυσαν
581 2842 674 2902 αὐτόν.
716 2842 854 2902 Ένθαῦτα
869 2841 902 2916 δή
917 2845 990 2917 εἰρω-

190 2933 324 3009 τεοίμενος
342 2931 396 2991 ὑπό
415 2938 469 2992 τῶν
482 2931 580 2991 Ἰώνων
597 2931 612 2990 ὁ
625 2931 765 3000 Ἱστιαῖος,
781 2929 838 2987 κατ’
854 2930 869 2989 ὅ
882 2955 909 2989 τι
923 2955 991 3005 προ-

193 3021 284 3098 θύμως
303 3020 373 3080 οὕτω
393 3023 538 3080 ἐπέστειλε
559 3024 596 3097 τῷ
609 3017 799 3098 Ἀρισταγόρῃ
814 3016 991 3076 α’πίστασθαι

190 3110 245 3169 οἶπὸ
264 3112 411 3186 βασιλέος,
428 3111 473 3167 καὶ
492 3108 576 3166 κακόν
596 3111 733 3165 τοσοῦτον
755 3105 902 3181 είηἼωνας
919 3105 991 3180 ε’ξερ-

191 3199 349 3280 γασμένος;
377 3197 429 3272 τήν
452 3201 503 3273 μὲν
526 3196 676 3277 γενομένην
704 3193 813 3252 αι’τοῖσι
841 3193 931 3267 αἰτίην
959 3189 992 3249 ου’

190 3286 270 3362 μάλα
284 3285 418 3359 ἐξέφαινε,
433 3285 448 3344 ὁ
463 3285 492 3343 δὲ
506 3283 586 3362 ἔλεγέ
599 3290 662 3356 σφι,
678 3281 712 3344 ιίς
725 3281 864 3356 βασιλεῦς
874 3281 993 3356 Δαρεῖος
