2268 3536
177 136 209 181 50
480 133 663 182 ἭΡοιοτοτ
929 133 976 197 [ν.

177 213 305 288 βασιλέα
327 211 450 288 πόλεμον
471 211 662 283 ἐσκευάζοντο.
703 211 867 276 πλώσαντες
893 211 923 270 δὲ
950 218 977 277 ἐς

176 301 225 362 τόν
239 301 461 376 Ἑλλήσποντον,
473 300 624 372 Βυζάντιόν
637 326 667 360 τε
681 300 726 357 καὶ
736 299 786 362 τοὶς
794 299 885 364 άλλας
895 300 976 364 πόλις

178 389 291 452 άπάσας
304 391 353 452 τάς
367 389 453 468 ταύτῃ
469 389 514 448 ὐπ’
529 392 655 448 ἑωυτοῖσι
672 387 850 463 ἐποιήσαντο·
872 388 977 448 ἐκπλώ

178 479 278 541 σαντές
295 505 326 538 τε
342 480 391 548 ἐξω
411 477 461 538 τόν
476 477 699 552 Ἑλλήσποντον,
719 477 826 553 Καρίης
839 476 892 553 την
907 482 977 536 πολ-

177 565 232 642 λήν
245 565 477 644 προσεκτήσαντο
491 567 579 641 σφίσι
597 563 748 643 σύμμαχον
763 563 841 623 εἶναι·
864 565 977 645 καὶγὰρ

177 655 229 730 τήν
250 659 362 715 Καῦνον
382 654 518 731 πρότερον
539 653 570 713 οῦ
590 654 768 730 βουλομένην
795 654 976 731 συμμαχέειν,

178 743 213 807 ώς
234 746 390 821 ἐνέπρησαν
410 742 460 806 ταὶς
476 742 575 818 Σάρδις
592 741 656 801 τότε
672 748 727 818 σφι
746 741 792 798 καὶ
806 740 876 816 αῦτη
889 767 977 818 προσ-

132 833 189 890 104
199 832 315 911 εγένετο.
359 831 480 908 Κύπριοι
501 831 530 889 δέ
551 829 696 890 ἐθέλονταί
708 836 763 905 σφι
776 828 877 891 πάντες
889 855 977 905 προσ·

179 921 313 1000 εγένοντο,
333 919 409 995 πλὴν
429 918 633 995 Ἀμαθουσίων.
674 917 840 992 ἀπέστησαν
860 916 914 998 γάρ
932 917 978 976 καὶ

179 1004 255 1066 οῦτοι
270 1005 320 1066 ὧδε
334 1007 389 1066 αἷπδ
403 1007 515 1082 Μήδων·
530 1005 564 1082 ἦν
577 1005 729 1082 Ὀνήσιλος
742 1005 851 1086 Γόργου
864 1007 915 1081 μὲν
927 1009 977 1064 τοῦ

181 1096 358 1172 Σαλαμινίων
377 1096 516 1172 βασιλέος
536 1093 674 1169 ἀδελφεός
694 1094 830 1170 νεώτερος,
855 1093 978 1170 Χέρσιος

179 1183 209 1242 δέ
228 1189 278 1243 τοῦ
300 1183 426 1261 Σιρώμου
446 1187 495 1242 τοῦ
515 1181 689 1245 Εὐέλθοντος
709 1181 783 1244 πάϊς·
805 1179 885 1245 οὗτος
905 1181 977 1258 ώνήρ

178 1271 316 1335 πολλάκις
329 1275 380 1348 μὲν
394 1272 440 1330 καὶ
453 1271 588 1348 πρότερον
600 1269 649 1330 τόν
663 1271 770 1350 Γόργον
788 1271 977 1351 παρηγορέετο

179 1359 356 1421 α’πίστοσθαι
379 1360 434 1420 αἷπὸ
457 1359 604 1436 βασιλέος·
636 1357 700 1418 τότε
727 1357 758 1428 δ’,
782 1357 816 1421 ώς
843 1358 888 1418 καὶ
914 1359 978 1422 τοῦς

174 1445 271 1510 Ἴωνας
289 1449 405 1509 ἐπύθετο
420 1447 582 1516 α’πεστάναι,
596 1446 691 1528 πάγχυ
706 1447 873 1522 ἐπικείμενος
887 1449 976 1527 ἐνῆγε·

180 1535 215 1598 ώς
235 1537 264 1594 δὲ
283 1535 332 1594 οῦκ
352 1537 443 1595 ἔπειθε
460 1534 509 1594 τόν
525 1535 641 1616 Γόργον,
656 1533 773 1594 ἐνθαῦτά
788 1559 836 1609 μιν
850 1533 977 1609 φυλάξας

181 1623 330 1692 ἐξελθόντα
347 1623 379 1684 τό
399 1623 471 1682 άστυ
483 1621 516 1682 τό
536 1623 712 1700 Σαλαμινίων
725 1621 741 1681 ό
754 1621 906 1697 Ὀνήσιλος
919 1621 977 1699 ἅμα

181 1715 258 1770 τοῖσι
279 1714 378 1770 ἑωυτοῦ
400 1709 584 1788 στασιώτῃσι,
606 1709 761 1785 α’πεκλήῖσε
781 1713 836 1769 τῶν
858 1711 976 1770 πυλέων.

181 1798 288 1880 Γόργος
297 1802 349 1875 μὲν
363 1798 396 1875 δή
410 1799 553 1875 στερηθεὶς
572 1802 622 1874 τῆς
639 1797 737 1860 πόλιος
757 1798 855 1879 ἔφευγε
872 1804 899 1861 ἐς
915 1798 976 1874 Μή-

182 1887 253 1957 δους,
274 1886 425 1963 Ὀνήσιλος
446 1887 475 1945 δὲ
502 1885 572 1965 ἦρχε
594 1887 761 1962 Σαλαμῖνος,
786 1887 832 1944 καὶ
853 1884 977 1946 ἀνέπειθε

179 1975 285 2040 πάντας
316 1975 458 2052 Κυπρίους
485 1975 723 2034 συναπίστασθαι.
777 1973 841 2038 τοῦς
865 1976 917 2050 μὲν
944 1975 977 2050 δή

178 2063 285 2128 ἄλλους
306 2063 444 2123 ἀνέπεισε·
468 2062 674 2139 Ἀμαθουσίους
692 2062 721 2120 δὲ
740 2061 771 2120 οῦ
787 2063 978 2138 βουλομένους

180 2157 207 2212 οἱ
220 2153 367 2212 πείθεσθαι
382 2150 542 2228 ἐπολιόρκεε
555 2149 793 2227 προσκατήμενος.

134 2243 191 2301 105
232 2241 384 2317 Ὀνήσιλος
396 2241 448 2316 μέν
461 2265 508 2299 νυν
525 2237 685 2313 ἐπολιόρκεε
697 2237 882 2314 Ἀμαθοῦντα.
924 2241 978 2314 βα-

181 2330 258 2388 σιλέι1
289 2331 318 2388 δέ
345 2329 452 2406 Δαρείῳ
481 2326 516 2389 ώς
543 2326 699 2407 ἐξαγγέλθη
728 2325 827 2402 Σάρδις
853 2325 979 2390 άλούσας

181 2417 379 2492 ἐμπεπρῆσθαι
399 2414 454 2474 ῦπό
473 2441 504 2474 τε
524 2413 677 2488 Ἀθηναίων
698 2414 743 2471 καὶ
761 2413 866 2485 Ἰώνων,
883 2414 932 2474 τόν
951 2415 988 2472 δὲ’

180 2504 304 2585 ήγεμόνα
324 2503 455 2582 γενέσθαι
476 2506 526 2576 τῆς
548 2506 693 2582 συλλογῆς
714 2502 786 2561 ὥστε
807 2506 894 2562 ταῦτα
915 2529 978 2562 συν-

181 2593 338 2667 υφανθῆναι
358 2587 408 2648 τόν
427 2587 573 2662 Μιλήσιον
588 2588 801 2668 Ἀρισταγόρην,
815 2595 911 2667 πρώτα
929 2593 979 2666 μὲν

182 2681 294 2760 λέγεται
315 2677 407 2746 αὐτόν,
437 2676 472 2739 ὥς
496 2675 611 2736 ἐπύθετο
637 2682 732 2747 ταῦτα,
759 2676 857 2737 Ἰώνων
883 2677 981 2738 οὐδένα
1042 2751 1045 2756 ¹

182 2768 270 2848 λόγον
287 2763 485 2842 ποιησάμενον,
506 2763 535 2823 εῦ
554 2764 645 2824 εἰδότα
663 2765 698 2829 ώς
714 2763 793 2825 οὗτοί
804 2793 837 2846 γε
852 2766 884 2826 οῦ
899 2793 980 2826 κατα-

184 2857 345 2933 προΐξονται
358 2852 539 2922 αἷποστάντες,
552 2854 675 2930 εἴρεσθαι
690 2855 787 2918 οἵτινες
798 2855 851 2914 εἶεν
862 2859 888 2914 οἶ
896 2854 981 2932 ,Ἀθη-

183 2948 271 3013 ναῖοι;
301 2943 372 3019 μετά
394 2942 432 3012 δὲ,
455 2941 619 3018 πυθόμενον,
640 2946 754 3018 αἰτῆσαι
768 2942 802 3001 τό
820 2942 912 3012 τόξον,
931 2947 981 3002 λα-

181 3033 272 3110 βόντα
292 3031 321 3090 δὲ
342 3031 388 3089 καὶ
409 3031 537 3090 ἐπιθέντα
557 3029 656 3090 ὀϊστόν
676 3029 730 3090 ἅνω
751 3034 778 3092 ἐς
798 3029 846 3090 τόν
865 3029 982 3107 οῦρανὸν

182 3120 300 3191 ἀπεῖναι,
315 3121 363 3178 καί
380 3145 428 3195 μιν
450 3123 477 3181 ἐς
496 3118 545 3178 τόν
564 3118 633 3196 η’έρα
651 3118 800 3195 βάλλοντα
817 3123 912 3176 εἰπεῖν·
934 3129 952 3153 “
961 3117 982 3176 ὦ

183 3212 245 3278 Ζεῦ,
264 3207 425 3289 ἐκγενέσθαι
442 3233 492 3283 μοι
507 3206 670 3280 Ἀθηναίους
687 3205 848 3266 τίσασθαι·”
867 3206 982 3263 εἴπαντα

183 3294 214 3353 δὲ
240 3301 328 3376 ταῦτα
354 3295 511 3370 προστάξαι
532 3295 570 3351 ἐνὶ
590 3297 644 3353 τῶν
665 3292 849 3369 θεραπόντων,
870 3290 982 3351 δείπνου
