2276 3538
163 175 304 240 126-128]
517 178 630 226 ΕΡΛΤΩ.
662 173 664 178 ¹
912 183 957 230 lll

161 255 293 334 Ἀμύριος
306 261 356 317 τοῦ
370 262 465 334 σοφοῦ
479 259 632 340 λεγομένου
648 257 724 323 πάῖς·
744 257 821 320 οὗτοι
840 247 892 338 μὲν
905 261 962 322 άπδ

161 342 284 419 Ἰταλίης
297 343 395 420 ἦλθον.
437 351 467 404 ἐκ
481 345 511 404 δὲ
523 351 573 405 τοῦ
588 346 695 406 κόλπου
708 350 759 406 τοῦ
771 345 879 418 Ἰονίου,
892 347 960 426 Ἀμ-

162 434 322 509 φίμνησπος
341 432 536 511 Ἐπιστρόφου
559 432 750 511 Ἐπιδάμνιος·
775 433 855 498 οὗτος
878 437 908 494 δὲ
932 442 962 495 ἐκ

160 525 211 579 τοῦ
235 520 335 580 Ἰονίου
359 520 475 580 κόλπου.
517 521 643 583 Αἰτωλός
666 521 696 579 δὲ
719 520 798 597 ἦλθε,
823 522 962 600 Τιτόρμου

160 612 210 668 τοῦ
224 608 399 687 ύπερφύντος
411 608 595 684 πεἜλληνας
610 609 687 686 ἰσχύϊ
700 609 746 666 καὶ
760 608 898 689 φυγόντος
912 609 961 670 οἶν-

162 695 287 772 θριύπους
301 703 328 758 ἐς
341 695 391 758 τάς
405 697 538 774 ἐσχατιάς
550 700 600 771 τῆς
613 697 764 759 Αἰτωλίδος
784 697 883 775 χώρης,
897 697 960 756 τού-

161 809 211 842 του
231 789 281 843 τοῦ
297 783 437 861 Τιτόρμου
459 783 596 860 α’δελφεδς
615 783 727 860 Μάλης·
749 783 805 843 άπδ
825 785 854 843 δὲ
869 789 961 844 Πελο·

161 871 313 947 ποννήσου,
341 871 474 934 Φείδωνος
499 876 549 930 τοῦ
575 871 707 952 Ἀργείων
733 872 867 949 τυράννου
894 872 960 936 πάϊς

161 959 316 1035 Λεωκήδης,
340 959 474 1023 Φείδωνος
498 959 528 1018 δὲ
550 963 602 1018 τοῦ
624 958 660 1018 ταὶ
680 961 769 1038 μέτρα
790 960 961 1036 ποιήσαντος

162 1048 422 1122 Πελοποννησίοισι
437 1048 481 1104 καὶ
495 1047 666 1124 ὑβρίσαντος
677 1049 800 1127 μέγιστα
813 1048 847 1123 δή
857 1048 961 1123 Ἐλλή-

162 1159 215 1192 νων
228 1133 363 1204 άπάντων,
378 1135 409 1198 ὃς
423 1135 616 1210 ἐξαναστήσας
635 1135 700 1198 τούς
717 1135 837 1195 Ἠλείων
857 1137 959 1216 άγωνο-

163 1221 244 1282 θέτας
265 1221 346 1285 αύτός
365 1224 415 1282 τόν
433 1228 462 1282 έν
474 1223 618 1302 Ὀλυμπίῃ
635 1222 727 1302 οἷγῶνα
749 1223 838 1298 ἔθηκε·
859 1223 961 1282 τούτου

162 1333 193 1366 τε
217 1308 251 1384 δὴ
275 1310 346 1379 πάϊς,
371 1311 416 1369 καὶ
438 1309 587 1386 Ἀμίαντος
610 1310 781 1390 Λυκούργου,
806 1309 909 1387 Ἀρκάς
931 1316 960 1369 ἐκ

162 1398 378 1473 Τραπεζοῦντος·
400 1399 445 1457 καὶ
457 1397 542 1473 Ἀζὴν
556 1403 586 1457 ἔκ
597 1399 689 1456 Παίου
703 1397 803 1460 πόλιος
815 1397 959 1472 Λαφάνης,

161 1483 341 1562 Εὐφορίωνος
352 1491 403 1545 τοῦ
417 1487 566 1562 δεξαμένου
578 1512 609 1544 τε
628 1485 675 1563 (άς
688 1485 774 1566 λόγος
787 1491 816 1544 ἒν
828 1485 961 1564 Ἀρκαδίῃ

162 1573 286 1652 λέγεται)
299 1573 364 1636 τούς
380 1573 569 1651 Διοσκούρους
590 1575 703 1633 οἰκίοισι
725 1573 770 1632 καὶ
788 1573 844 1633 άπδ
861 1572 961 1631 τούτου

162 1659 378 1728 ξεινοδοκέοντος
390 1660 496 1724 πάντας
511 1661 680 1739 ἀνθρώπους·
695 1655 747 1720 Ικαὶ
757 1661 870 1724 Ἠλεῖος
882 1659 961 1719 Ὀνο-

161 1747 271 1822 μαστδς
283 1747 408 1829 Ἀγαίου·
431 1746 507 1808 οὗτοι
525 1751 577 1826 μὲν
590 1749 623 1824 δη
638 1749 669 1818 ἐξ
681 1748 766 1824 αύπῆς
779 1746 959 1822 Πελοποννή-

163 1859 217 1893 σου
236 1833 332 1910 ἦλθον.
376 1841 406 1894 ἔκ
430 1836 460 1894 δὲ
479 1835 618 1911 Ἀθηνέων
640 1837 773 1895 άπίκοντο
794 1835 962 1917 Μεγακλέης

161 1947 193 1981 τε
206 1921 222 1981 ό
234 1922 424 1999 Ἀλκμαίωνος
441 1923 541 1982 τούτου
559 1928 609 1984 τοῦ
630 1924 706 2000 παρά
720 1929 846 2000 Κροῖσον
865 1923 961 1982 άπικο-

161 2011 254 2086 μένου,
274 2012 319 2068 καὶ
340 2011 429 2074 ἄλλος
450 2011 645 2086 Ἱπποκλείδης
667 2011 830 2086 Τισάνδρου,
849 2009 961 2089 πλούτῳ

164 2099 209 2155 καὶ
230 2098 294 2156 εἴδεϊ
314 2099 463 2175 προφέρων
484 2097 645 2174 Ἀθηναίων.
687 2097 743 2156 α’πδ
766 2099 794 2156 δὲ
810 2097 960 2173 Ἐρετρίης,

163 2183 299 2260 ἀνθεύσης
320 2190 418 2245 τοῦτον
441 2185 491 2246 τόν
514 2186 623 2264 χρόνον,
649 2186 798 2260 Λυσανίης·
827 2182 907 2246 οὗτος
932 2185 961 2242 δὲ

163 2270 210 2331 άπ’
232 2273 356 2348 Εὐβοίης
376 2277 487 2350 μοῦνος·
529 2279 559 2332 ε’κ
581 2274 610 2332 δὲ
631 2273 794 2347 Θεσσαλίης
814 2271 885 2348 ἦλθε
906 2275 961 2330 τῶν

163 2361 327 2422 Σκοπαδέων
350 2362 532 2437 Διακτορίδης
552 2361 720 2438 Κρανῶνιος·
742 2365 771 2418 ε’κ
792 2360 822 2419 δὲ
843 2364 960 2419 Μολοσ-

163 2452 222 2506 σῶν
237 2447 358 2508 Ἀλκων·
379 2454 511 2509 τοσοῦτοι
533 2453 584 2527 μὲν
606 2451 733 2530 ἐγένοντο
749 2453 775 2508 οἱ
793 2453 960 2526 μνηστῆρες.

162 2534 351 2612 Ἀπικομένων
369 2537 398 2596 δὲ
416 2537 519 2597 τούτων
536 2543 564 2600 ές
578 2538 629 2612 τὴν
651 2539 850 2616 προειρημένην
872 2537 937 2613 ἡμέ-
951 2541 1008 2596 128

162 2619 222 2699 ρην,
236 2623 251 2682 ὁ
266 2625 442 2699 Κλεισθένης
459 2631 555 2702 πρῶτα
571 2628 622 2701 μὲν
635 2626 685 2688 τὰς
698 2625 804 2704 πάτρας
823 2651 854 2686 τε
873 2625 962 2686 αὐτῶν

163 2709 315 2770 α’νεπύθετο
336 2713 381 2770 καὶ
396 2713 476 2792 γένος
490 2712 617 2772 ἑκάστου·
639 2714 709 2790 μετά
724 2715 760 2783 δὲ,
776 2715 897 2792 κατέχων
911 2719 961 2773 ε’νι-

162 2797 246 2857 αυτδν
263 2798 423 2876 διεπειρᾶτο
439 2799 527 2859 αὐτῶν
544 2805 594 2876 τῆς
606 2827 636 2860 τε
650 2802 833 2883 ἀνδραγαθίης
851 2803 896 2860 καὶ
913 2807 962 2876 τῆς

162 2885 256 2966 ὀργῆς,
272 2888 318 2944 καὶ
332 2887 492 2950 παιδεύσιός
505 2915 535 2947 τε
549 2889 594 2946 καὶ
607 2889 721 2966 τρόπου·
742 2891 787 2948 καὶ
801 2890 840 2949 ἑνὶ
854 2889 961 2967 ἑκάστῳ

163 2975 210 3032 ἶών
224 2978 251 3036 ἔς
265 2977 417 3050 συνουσίην
435 2977 480 3034 καὶ
499 2977 651 3046 συνάπασι,
666 2979 712 3036 καὶ
728 2984 755 3040 ἒς
773 2976 915 3057 γυμνάσιά
931 3003 961 3034 τε

163 3061 307 3142 ε’ξαγινέων
322 3063 385 3122 ὅσοι
398 3063 473 3139 ἦσαν
487 3063 577 3123 αύτιδν
590 3065 724 3142 νεώτεροι,
740 3067 793 3133 καὶ,
809 3063 841 3122 τό
861 3089 893 3144 γε
913 3064 961 3139 μέ-

161 3175 269 3230 γιστον,
282 3155 310 3209 ε’ν
323 3156 358 3228 τῇ
373 3153 505 3230 συνεστίη
519 3152 684 3229 διεπειρᾶτο·
700 3153 769 3210 ὅσον
782 3151 842 3230 γάρ
851 3154 961 3228 κατεῖχε

162 3237 265 3315 χρόνον
279 3237 385 3306 αύτούς,
400 3242 499 3298 τοῦτον
512 3239 603 3299 πάντα
618 3241 706 3298 ἐποίεε
721 3240 766 3297 καὶ
779 3237 837 3312 ἅμα
851 3237 961 3307 ἐξείνιζε

162 3325 403 3405 μεγαλοπρεπέως.
448 3325 543 3402 καῖδό
564 3353 612 3384 κου
630 3327 756 3403 μάλιστα
769 3329 823 3384 τῶν
836 3324 961 3400 μνηστή-
