2278 3538
153 163 302 228 Ιιιι-ιιι]
474 163 659 213 nmmum.
804 217 807 224 ,
916 167 960 218 197

159 244 282 321 ποιήσας
304 243 464 320 δισμυρίους
485 242 594 322 ἄνδρας.
636 244 682 302 καὶ
703 243 737 322 δή
758 245 840 306 τότε
859 249 889 306 ἑκ
906 249 962 308 τῦν

160 337 228 393 νειῦν
253 333 300 392 καὶ
325 337 375 392 τοῦ
398 334 482 404 πεζοῦ
505 333 615 408 πλῆθος
638 333 833 411 συντιθέμενον
856 336 963 416 γίνεται

160 419 303 496 διηκόσιαί
320 446 351 478 τε
372 419 501 497 μυριάδες
523 421 569 478 καὶ
590 419 737 496 τριήκοντα
761 421 807 480 καὶ
829 423 889 498 μία,
915 423 961 482 καὶ

159 507 238 585 πρὸς,
257 507 382 586 χιλιάδες
402 507 471 567 ἑπτά
490 508 536 566 καὶ
558 507 734 572 ἑκατοντάδες
756 509 787 578 ἑξ
808 510 853 568 καὶ
871 509 961 574 δεκάς.

159 600 242 655 τοῦτο
263 597 314 672 μὲν
335 595 368 655 τὸ
393 596 424 664 ἐξ
446 595 531 672 αὐτῆς
550 601 600 670 τῆς
618 595 718 672 Ἀσίης
739 596 899 674 στράτευμα
920 599 961 668 ἐξ·

160 685 281 763 αναχθὲν
295 683 407 760 εἴρηται,
422 682 485 743 ἄνευ
498 709 529 744 τε
542 687 592 760 τῆς
606 684 756 760 θεραπηίης
768 689 817 760 τῆς
828 685 962 762 ἑπομένης

161 771 206 830 καὶ
224 776 279 832 τῶν
297 775 461 852 σιταγωγῶν
477 772 591 842 πλοίων,
606 771 651 830 καὶ
670 770 734 831 ὅσοι
753 773 883 832 ἐνέπλεον
900 773 961 832 τού-

159 885 245 934 τοισι.
285 859 319 919 τά
337 860 367 918 δὲ
386 860 420 935 δή
439 865 468 918 ἐκ
484 865 534 935 τῆς
551 859 687 938 Εὐρώπης
703 859 840 941 α’γόμενον
855 861 940 938 στρά-
950 863 1008 922 185

160 973 246 1024 τευμα
263 949 301 1008 ἔτι
321 949 536 1028 προσλογιστέα
553 947 641 1027 τούτῳ
657 948 740 1007 παντὶ
758 951 795 1026 τῷ
814 948 960 1026 ἐξηριθμη-

160 1036 241 1115 μένῳ·
267 1036 381 1112 δόκησιν
403 1035 433 1094 δὲ
455 1036 497 1094 δεῖ
517 1036 618 1117 λέγειν·
643 1036 705 1098 νέας
725 1036 777 1112 μέν
795 1061 843 1095 νυν
860 1039 887 1095 οἱ
904 1035 960 1098 άπδ

160 1124 282 1199 Θρηίκης
309 1124 457 1200 Ἕλληνες,
485 1125 531 1182 καὶ
560 1129 590 1182 ἑκ
617 1127 671 1183 τιῦν
701 1122 794 1198 νήσων
823 1127 877 1183 τῶν
904 1129 961 1184 ε’πι-

162 1213 290 1288 κειμένων
311 1217 347 1290 τῇ
365 1213 480 1290 Θρηίκη,
497 1213 664 1290 παρείχοντο
682 1211 771 1269 ε’ίκοσι
790 1211 835 1269 καὶ
854 1211 960 1271 ἑκατόν·

160 1303 191 1356 ἐκ
206 1301 257 1376 μέν
272 1326 320 1359 νυν
337 1300 454 1359 τουτέων
471 1303 525 1358 τῶν
543 1303 610 1358 νεῦν
627 1297 723 1375 ἄνδρες
740 1299 961 1378 τετρακισχίλιοι

162 1387 207 1446 καὶ
220 1387 360 1464 δισμύριοι
373 1389 505 1468 γίνονται.
531 1387 615 1457 πεζοῦ
629 1387 666 1456 δὲ,
676 1385 726 1446 τάν
739 1386 855 1462 Θρήϊκες
867 1387 961 1463 παρεί-

159 1498 253 1554 χοντο,
265 1475 311 1533 καὶ
325 1476 451 1543 Παίονες,
464 1475 510 1532 καὶ
523 1473 641 1550 Ἐορδοὶ,
653 1474 700 1532 καὶ
710 1477 860 1544 Βοττιαῖοι,
872 1475 917 1533 καὶ
926 1474 959 1536 τῦ

160 1562 330 1622 Χαλκιδικὸν
343 1563 430 1642 γένος,
445 1563 490 1620 καὶ
504 1562 617 1642 Βρύγοι,
629 1563 675 1620 καὶ
688 1563 795 1638 Πίερες,
806 1562 851 1620 καὶ
865 1569 959 1623 Μακε-

161 1648 243 1720 δόνες,
258 1651 303 1708 καὶ
317 1651 484 1727 Περραιβοὶ,
499 1651 545 1708 καὶ
557 1649 687 1726 Ἐνιῆνες,
703 1652 748 1709 καὶ
762 1651 898 1720 Δόλοπες,
913 1653 959 1711 καὶ

161 1737 315 1818 Μάγνητες,
323 1738 368 1796 καὶ
377 1737 495 1816 Ἀχαιοί,
506 1739 550 1796 καὶ
559 1737 624 1798 ὅσοι
630 1739 805 1816 τήςΘρηίκης
812 1738 863 1815 τήν
871 1766 959 1818 παρα-

160 1826 224 1900 λίην
242 1827 378 1902 νέμονται,
391 1825 495 1904 τούτων
512 1831 567 1886 τῦν
585 1827 683 1887 ἐθνέων
698 1827 846 1904 τριήκοντα
858 1827 959 1903 μυριά-

161 1913 209 1976 δας
230 1915 314 1973 δοκέω
335 1915 475 1994 γενέσθαι·
496 1911 577 1973 αὗται
598 1913 636 1974 ὧν
657 1918 686 1973 αἱ
706 1913 835 1991 μυριάδες
853 1913 960 1994 κείνῃσι

160 1999 360 2078 προστεθεῖσαι
375 2007 443 2081 τῇσι
459 2007 489 2061 ἑκ
504 2006 555 2078 τῆς
572 2002 671 2078 Ἀσίης
687 2003 810 2084 γίνονται
826 2005 855 2060 αἱ
868 2005 960 2062 πᾶσαι

160 2089 265 2167 α’νδριῦν
281 2093 309 2148 αἱ
324 2089 444 2168 μάχιμοι
461 2090 590 2167 μυριάδες
609 2089 749 2165 διηκόσιαι
768 2088 840 2146 καὶὲ
867 2088 960 2150 ’κοντα

160 2178 206 2236 καὶ
220 2178 359 2254 τέσσερες,
382 2179 472 2237 ἔπεισι
491 2178 521 2236 δὲ
537 2177 656 2270 ταύτῃσι
675 2176 851 2240 ἑκατοντάδες
871 2178 959 2236 ἑκκαί-

160 2266 225 2324 δεκα
248 2266 294 2324 καὶ
321 2265 409 2330 δεκάς.
450 2269 507 2325 Τοῦ
535 2266 663 2344 μαχίμου
691 2265 721 2324 δὲ
734 2265 833 2324 τούτου
847 2263 1006 2328 ἑόντος186

159 2352 278 2431 άριθμδν
292 2353 437 2423 τοσούτου,
451 2353 503 2430 τήν
519 2353 671 2430 θεραπηίην
683 2352 735 2429 τήν
749 2353 885 2430 ἑπομένην
898 2352 958 2412 τού-

158 2467 243 2512 τοισι,
254 2443 300 2500 καὶ
312 2441 376 2505 τοῦς
390 2447 418 2502 ἑν
430 2445 506 2502 τοῖσι
519 2445 704 2522 σιταγωγοῖσι
717 2440 846 2502 ἀκάτοισι
857 2440 958 2513 ἐόντας,

160 2530 205 2588 καὶ
230 2529 310 2605 μάλα
337 2535 365 2589 ἑν
390 2534 466 2589 τοῖσι
492 2529 610 2588 ἄλλοισι
636 2530 764 2588 πλοίοισι
790 2533 867 2588 τοῖσι
900 2529 957 2606 ἅμα

158 2619 279 2677 πλέουσι
294 2623 330 2696 τῇ
353 2623 480 2697 στρατιῇ,
499 2617 613 2680 τούτους
630 2621 685 2677 τῶν
702 2617 832 2696 μαχίμων
853 2617 958 2694 άνδριῦν

159 2705 192 2764 ού
213 2706 297 2765 δοκέω
320 2706 388 2766 εἶναι
410 2706 576 2780 ἐλάσσονας,
600 2706 676 2765 ἀλλά
697 2711 826 2768 πλεῦνας·
857 2707 903 2764 καὶ
925 2705 959 2782 δή

159 2799 251 2868 σφεας
269 2796 353 2853 ποιέω
366 2796 445 2857 ίσους
458 2796 585 2854 ε’κείνοισι
601 2794 678 2864 εἶναι,
693 2795 738 2852 καὶ
752 2793 815 2854 οῦτε
828 2797 956 2864 πλεῦνας,

159 2880 222 2940 οῦτε
249 2881 408 2946 ἐλάσσονας
435 2881 522 2941 ούδέν·
560 2881 731 2952 ἐξισούμενοι
758 2882 787 2940 δὲ
818 2879 894 2942 οὗτοι
920 2885 958 2960 τῷ

157 2971 280 3049 μαχίμῳ,
304 2974 477 3048 ἐκπληροῦσι
503 2969 553 3033 τάς
576 2970 640 3033 ’ίσας
666 2970 799 3046 μυριάδας
827 2970 956 3046 ἐκείνῃσι·

159 3057 229 3117 οὕτω
243 3060 427 3134 πεντηκοσίας
442 3083 472 3117 τε
490 3057 624 3135 μυριάδας
641 3059 686 3116 καὶ
705 3058 793 3115 εἴκοσι
812 3057 857 3114 καὶ
875 3053 955 3125 ὄκτο),

159 3146 205 3204 καὶ
217 3145 347 3224 χιλιάδας
360 3150 440 3223 τρεῖς,
456 3148 501 3204 καὶ
515 3145 695 3207 ἑκατοντάδας
708 3143 764 3213 δύο,
779 3144 825 3201 καὶ
860 3139 957 3206 εκάδας

159 3233 208 3293 δύο
221 3233 326 3309 άνδριῦν
338 3233 427 3313 ἤγαγε
440 3234 545 3310 Ξέρξης
559 3234 574 3293 ὁ
589 3233 708 3309 Δαρείου
720 3232 803 3308 μέχρι
818 3229 957 3306 Σηπιάδος

159 3322 206 3380 καὶ
219 3322 432 3394 Θερμοπυλέων.
474 3318 564 3383 Οὗτος
577 3323 627 3395 μὲν
644 3319 679 3394 δή
694 3322 743 3378 τοῦ
762 3317 936 3383 συνάπαντος
946 3320 1003 3382 187

182 3401 289 3448 II.-·-16
