2278 3538
143 154 285 218 ιιι-ιιι]
459 155 644 206 nomm.
896 154 942 206 ιιι

142 259 204 310 μαι·
232 230 292 292 οὔτι
311 231 362 293 τόν
381 232 436 294 σόν
455 234 562 294 στόλον
588 233 727 310 προειδῶς,
752 231 830 296 ἀλλά
851 231 944 293 πάντα

143 319 244 396 ὁμοίως
262 319 438 397 φοβεόμενος
458 320 564 398 ἀνδρῶν
585 322 700 382 στόλον·
729 327 758 380 ἐκ
782 323 882 398 ταύτης
906 321 943 382 ὧν

142 413 193 484 τῆς
216 408 305 484 νήσου
329 408 506 486 ὁρμειόμενοι,
534 410 699 487 φοβεόντων
716 410 792 472 ,τοῦς
811 411 943 469 Λακεδαι-

142 497 264 572 μονίους·
292 497 427 574 παροίκου
448 497 478 556 δὲ
497 499 624 574 πολέμου
645 497 813 574 σφιέόντος
830 499 943 572 οἰκηίου,

143 583 223 643 οὐδὲν
246 584 330 645 δεινοὶ
351 585 465 645 ἔσονταί
485 612 538 655 τοι,
560 586 599 663 μή
620 589 680 662 τῆςΙ
693 585 784 662 ἀλλης
806 585 945 649 Ἑλλάδος

143 671 333 749 ἁλισκομένης
347 671 402 732 ῦπδ
412 677 467 734 Ιτοῦ
482 676 568 746 πεζοῦ
585 675 730 750 βοηθέωσι
745 673 840 753 ταότη·
862 700 944 733 κατα-

144 759 331 836 δουλωθείσης
351 761 381 819 δὲ
402 765 453 836 τῆς
472 761 563 838 ἄλλης
584 761 731 833 Ἑλλάδος,
753 762 868 826 ἀσθενὲς
890 761 944 838 ἤδη

144 847 179 906 τό
201 847 362 908 Λακωνικόν
381 853 485 925 μοῦνον
505 851 640 910 λείπεται.
682 849 717 926 ἢν
738 851 768 910 δὲ
790 855 877 910 ταῦτα
903 851 944 926 μή

144 939 234 1014 ποιῇς,
249 935 315 995 τάδε
330 962 375 996 τοι
390 937 535 1013 προσδόκα
554 939 679 999 ἔσεσθαι·
707 941 767 998 ἔστι
785 943 836 1015 τῆς
852 943 943 998 Πελο-

144 1023 288 1098 ποννήσου
302 1023 403 1101 ἰσθμός
413 1025 530 1089 στεινός·
550 1031 579 1086 ε’ν
591 1025 679 1106 τούτῳ
691 1031 730 1105 τῷ
742 1025 822 1106 χοίρῳ
834 1027 944 1086 πάντων

145 1113 382 1188 Πελοποννησίων
400 1114 618 1190 συνομοσάντων
631 1116 676 1174 ε’πὶ
690 1116 746 1184 σοὶ,
760 1115 853 1193 μάχας
867 1119 944 1193 ἰσχυ-

144 1201 259 1277 ροτέρας
269 1199 360 1264 ἀλλος
367 1207 424 1261 τῶν
433 1203 586 1282 γενομένων
600 1203 754 1277 προσδέκεο
765 1202 884 1262 ἔσεσθαί
890 1229 943 1261 τοι·

146 1293 233 1347 ε’κεῖνο
253 1289 283 1347 δὲ
299 1281 452 1364 ποιήσαντι
470 1289 594 1368 ἀμαχητὶ
611 1289 673 1349 ὅτε
690 1290 791 1367 ἰσθμός
805 1287 884 1352 οὗτος
897 1291 942 1348 καὶ

144 1378 174 1435 αἱ
200 1377 284 1440 πόλις
311 1377 577 1457 προσχωρήσουσι.”
625 1378 709 1460 Λέγει
730 1377 800 1454 μετά
826 1381 925 1437 τοῦτον
933 1378 991 1436 236

137 1462 321 1542 Ἃχαιμένης,
333 1464 471 1542 ἀδελφεός
480 1492 511 1525 τε
522 1465 573 1525 εἰδν
582 1466 690 1543 Ξέρξεω
701 1467 747 1525 καὶ
756 1470 806 1526 τοῦ
816 1470 945 1526 ναυτικοῦ

145 1555 269 1628 στρατοῦΙ
297 1553 464 1635 στρατηγός,
488 1553 655 1633 παρατυχών
680 1580 710 1614 τε
731 1559 769 1633 τῷ
792 1553 883 1636 λόγῳ,
900 1553 946 1612 καὶ

145 1639 239 1704 δείσας
265 1641 306 1718 μή
332 1640 500 1722 ἀναγνωσθῇ
525 1643 631 1720 Ξέρξης
653 1643 756 1702 ποιέειν
776 1646 873 1702 ταῦτα·
905 1641 945 1700 “03

145 1729 278 1802 βασιλεῦ,
307 1729 377 1806 ὁρέω
404 1756 439 1789 σε
462 1729 560 1808 ἀνδρός
587 1730 763 1808 ἐνδεκόμενον
790 1731 892 1813 λόγους
915 1729 945 1794 ὃς

146 1816 260 1891 φθονέει
273 1843 317 1876 τοι
331 1817 361 1876 εὖ
373 1817 543 1894 πρήσσοντι,
556 1817 574 1894 ἦ
589 1819 634 1878 καὶ
650 1819 778 1896 προδιδοῖ
793 1819 945 1900 πρήγματα

144 1903 181 1962 τά
190 1903 240 1964 σά·
255 1905 365 1985 καὶγὰρ
378 1905 413 1980 δή
427 1906 473 1964 καὶ
486 1905 617 1983 τρόποισι
629 1907 782 1968 τοιούτοισι
794 1907 945 1986 χρεώμενοι

118 2047 122 2054 ,
145 1994 173 2050 οἶ
187 1991 328 2069 Ἕλληνες
349 1995 490 2072 χαίρουσι·
518 1998 568 2052 τοῦ
588 2020 620 2053 τε
639 1994 775 2072 εὐτυχέειν
793 1996 946 2070 φθονέουσι

145 2080 192 2138 καὶ
217 2081 250 2140 τό
277 2081 400 2157 κρέσσον
422 2082 582 2164 στυγέουσι.
625 2086 648 2140 εἰ
671 2082 700 2140 δ’·
716 2083 761 2141 ἐπὶ
782 2087 851 2160 τῇσι
871 2081 953 2159 πάρε-

145 2167 252 2248 οάσησι
270 2168 383 2248 τύχῃσι,
393 2174 452 2246 ,τῶν
465 2171 523 2234 νέες
536 2169 740 2250 νεναυιῃήκασι
758 2169 944 2246 τετρακόσιαι,

145 2254 238 2332 ἀλλος
259 2262 289 2316 ἐκ
309 2261 359 2316 τοῦ
382 2258 574 2335 στρατοπέδου
591 2258 754 2334 τριηκοσίας
771 2256 946 2336 ἀποπέμψεις

145 2344 313 2421 περιπλώειν
334 2346 563 2422 Πελοπόννησον,
587 2345 740 2424 ἀξιόμαχοί
756 2372 801 2406 τοι
823 2347 946 2428 γίνονται

146 2436 172 2491 οἱ
186 2433 345 2492 ἀντίπαλοι·
366 2432 439 2509 ἀλής
452 2434 481 2493 δὲ
498 2434 549 2494 ε’ὠν
565 2433 581 2494 ό
600 2433 726 2497 ναυτικός
745 2434 867 2512 στρατός
881 2434 946 2494 δυσ-

147 2520 358 2599 μεταχείριστός
380 2547 411 2582 τε
433 2520 543 2582 αὐτοῖσι
569 2523 683 2603 γίνεται,
709 2523 754 2580 καὶ
780 2521 870 2602 ἀρχήν
897 2522 946 2584 οῦκ

146 2608 298 2688 ἀξιόμαχοί
313 2635 357 2669 τοι
375 2610 500 2672 ἔσονται·
518 2610 564 2669 καὶ
582 2613 637 2672 πᾶς
650 2609 858 2690 όναυτίκόςτῷ
874 2613 947 2690 πεζῷ

144 2695 242 2771 ἀρήξει
255 2697 301 2755 καὶ
315 2696 331 2756 ό
342 2697 427 2772 πεζός
439 2702 478 2776 τῷ
490 2701 615 2776 ναυτικῷ,
630 2697 702 2773 όμοῦ
715 2699 907 2776 πορευόμενος·
922 2704 946 2759 εἰ

146 2783 176 2842 δὲ
195 2784 370 2855 διασπάσεις,
386 2784 449 2845 οῦτε
462 2786 499 2846 σῦ
513 2787 590 2846 ἔσεαι
604 2787 719 2846 κείνοισι
729 2787 870 2866 χρήσιμος
884 2787 946 2847 οὔτε

145 2876 232 2932 κεῖνοι
246 2875 303 2932 σοί.
344 2872 380 2933 τά
394 2879 517 2934 σεωυτοῦ
531 2874 560 2933 δὲ
573 2875 714 2950 τιθέμενος
724 2875 762 2944 εὖ,
773 2875 946 2956 γνάμηνέχε

145 2960 182 3018 τυῖ
194 2964 249 3020 τιῦν
262 2961 455 3039 ἀντιπολέμων
472 2961 512 3040 μή
532 2962 713 3042 ἐπιλέγεσθαι
731 2964 891 3043 πρήγματα,Ι
910 2967 946 3040 τῇ

146 3073 177 3106 τε
191 3048 346 3124 στήσονται
359 3050 408 3110 τόν
422 3050 556 3127 πόλεμον,
570 3049 605 3109 τά
618 3076 649 3108 τε
662 3050 824 3126 ποιήσουσι,
839 3049 903 3108 ὅσοι
915 3076 946 3109 τε

146 3137 257 3211 πλῆθός
271 3141 334 3196 εἰσι·
357 3138 444 3198 ἱκανοὶ
455 3138 509 3216 γάρ
524 3139 624 3198 ε’κεῖνοί
635 3166 668 3219 γε
678 3138 756 3198 αὐτοὶ
767 3141 871 3204 ἑωυτῶν
884 3139 947 3214 πέρι

147 3225 304 3298 φροντίζειν
318 3227 381 3293 εἶσὶ,
395 3225 475 3301 ήμεῖς
489 3227 518 3285 δὲ
528 3227 619 3301 ἡμέων
633 3225 772 3287 ὦσαότως.
813 3225 946 3284 Λακεδαι-

140 3308 240 3386 μόνιοι
257 3309 293 3388 δὲ,
303 3309 337 3388 ἢν
354 3312 419 3371 ἴωσι
434 3312 515 3372 ἀντία
533 3315 666 3391 Πέρσῃσι
680 3317 707 3376 ε’ς
719 3311 821 3392 μάχην,
836 3311 899 3372 οῦδὲ
909 3313 947 3383 Ιἓν
