2278 3538
191 110 238 156 τις
494 109 678 160 Ἑτοιουου
894 112 987 178 [vm.

192 190 239 250 καὶ
253 188 400 250 Μακεδνδν
418 190 503 259 ἔθνος,
522 190 553 259 ἐξ
568 188 692 267 Ἐρινεοῦ
709 215 741 250 τε
759 191 805 250 καὶ
823 191 930 252 Πίνδου
943 196 989 254 καί

189 281 240 355 τῆς
256 279 412 355 Δρυοπίδος
428 277 536 337 ὕστατα
554 277 728 355 ὁρμηθέντες·
750 282 777 338 οἱ
790 279 820 338 δὲ
832 279 990 357 Ἑρμιονέες

191 367 246 426 εἰσί
259 365 393 443 Δρύοπες,
407 365 461 425 find
475 365 630 443 Ἡρακλέος
642 393 673 426 τε
687 367 732 426 καὶ
751 369 884 444 Μηλιέων
897 374 927 428 ἐκ
940 376 990 446 τῆς

191 460 239 516 νῦν
253 455 375 532 Δωρίδος
388 456 557 532 καλεομένης
570 455 661 534 χώρης
675 455 945 524 ἐξαναστάντες.φ
913 485 990 518 ουτοι

146 544 228 603 44
190 569 242 620 μεν
262 570 310 602 νυν
334 545 607 618 Πελοποννησίων’
595 543 803 620 εστρατεάοντο.
846 549 883 604 Οἱ
906 546 973 604 δὲ’
960 573 990 606 εκ

191 637 242 707 τῆς
255 631 347 702 ἔξω
329 632 454 709 ηπείρου·
475 632 675 708 Ἀθηναῖοι
642 659 701 708 μεν,
719 659 789 710 προς
806 633 912 698 πάντας
926 636 991 699 τοίς

193 720 297 783 ἄλλους
324 720 509 799 παρεχόμενοι
532 724 599 796 νῆας
626 720 784 802 ὀγδώκοντα
810 724 855 781 καὶ
883 724 987 800 εκατὸν,

192 813 299 884 μοῦνοι·
321 814 350 868 ἐν
363 809 502 885 Σαλαμῖνι
519 808 575 890 γάρ
594 809 626 868 οὗ
645 809 896 888 συνεναυμάχησαν
910 817 990 871 Πλα·

192 897 280 960 ταιέες
296 897 479 972 Ἀθηναίοισι,
498 897 543 956 δαὶ
561 897 667 956 τοιόνδε
686 901 812 977 πρῆγμα·
840 896 991 959 άπαλλασ-

193 985 319 1097 σομένων
345 988 400 1044 τῶν
426 984 570 1060 Ἐλλήνων
591 983 646 1044 άπὸ
669 989 720 1044 τοῦ
743 984 930 1062 Ἀρτεμισίου,
956 988 992 1051 ῶς

194 1074 317 1154 ἐγίνοντο
334 1099 403 1132 κατα
395 1071 602 1141 Χαλκίδα,“
577 1099 603 1132 οι
621 1073 777 1136 Πλαταιέες
792 1073 977 1150 άποβάντες’
964 1103 991 1138 ες

193 1161 244 1236 τήν
266 1163 382 1239 περαίην
405 1165 455 1237 τῆς
482 1162 613 1236 Βοιωτίης
636 1160 728 1272 χώρης
750 1188 821 1237 προς
845 1163 991 1240 ἐκκομιδήν

195 1249 346 1327 ἐτράποντο
372 1254 427 1310 τῶν
454 1250 586 1310 οἰκετέων.
628 1275 704 1309 ουτοι
730 1252 782 1326 μέν
808 1277 855 1310 νυν
878 1278 992 1314 τουτους

194 1338 328 1410 σώζοντες
340 1339 523 1413 ἐλείφθησαν.
550 1337 694 1413 Ἀθηναῖοι
706 1339 803 1412 δέ,’
759 1365 804 1398 επι
814 1342 866 1415 μὲν
876 1345 990 1399 Πελασ-

193 1431 250 1506 γῶν
278 1425 395 1504 ἐχόντων
420 1426 471 1501 τήν
494 1431 542 1486 νῦν
564 1426 691 1486 Ἑλλάδα
717 1427 895 1503 καλεομένην,
917 1427 992 1503 ἦσαν

194 1515 343 1594 Πελασγοὶ
357 1513 571 1590 οὐνομαζόμενοι
588 1516 722 1591 Κραναοί·
745 1516 789 1574 ἐπὶ
803 1515 832 1574 δέ
846 1517 991 1592 Κέκροπος

193 1603 332 1676 βασιλέος
350 1602 545 1676 ἐπεκλήθησαν
564 1603 744 1679 Κεκροπίδαι·
766 1603 944 1680 ἐκδεξαμένου
959 1605 991 1664 δέ

192 1687 339 1766 Ἐρεχθέος
361 1689 413 1764 τήν
433 1688 531 1766 α’ρχήν,
553 1689 696 1766 Ἀθηναῖοι
722 1691 990 1768 μετωνομάσθησαν·

189 1773 284 1839 Ἴωνος
304 1776 334 1835 δὲ
353 1780 403 1835 τοῦ
422 1777 530 1838 Ξούθου
549 1779 730 1858 στρατάρχεω
744 1781 894 1860 γενομένου
908 1779 990 1856 Ἀθη-

147 1867 185 1923 45
194 1864 305 1934 ναίοισι,
320 1863 480 1940 ἐκλήθησαν
494 1865 549 1925 άπδ
562 1866 661 1926 τούτου
670 1866 771 1930 Ἴωνες.
806 1869 949 1948 Μεγαρέες
961 1869 991 1928 δὲ

194 1949 281 2012 τώυτό
300 1949 439 2032 πλήρωμα
457 1955 623 2033 παρείχοντο
638 1955 671 2014 τά
691 1957 736 2014 καὶ
755 1955 798 2014 ἐπ’
814 1955 989 2035 Ἀρτεμισίῳ·

196 2039 404 2118 Ἀμπρακιῶται
425 2041 455 2100 δὲ
478 2042 546 2101 ἑπτά
573 2044 634 2105 νέας
661 2045 769 2122 ἔχοντες
793 2043 990 2120 ἐπεβώθησαν·

195 2129 341 2188 Λευκάδιοι
358 2129 388 2188 δὲ
400 2133 482 2206 τρεῖς·
505 2131 581 2193 έθνος
597 2132 685 2194 ἐόντες
705 2129 781 2190 οὗτοι
795 2131 919 2208 Δωρικὸν
935 2131 991 2192 άπὸ

149 2220 185 2277 46
196 2219 345 2294 Κορίνθου.
373 2219 542 2293 Νησιωτέων
555 2218 592 2287 δὲ,
603 2223 749 2299 Αἰγινῆται
762 2220 909 2296 τριήκοντα
923 2247 990 2297 παρ·

196 2306 312 2384 είχοντο.
354 2305 428 2381 ἦσαν
447 2306 499 2382 μέν
519 2312 575 2380 σφι
599 2308 644 2364 καί
668 2306 755 2366 ἄλλοι
778 2309 992 2384 πεπληρωμέναι

197 2395 262 2458 νέες·
286 2393 362 2452 άλλιί
383 2397 450 2472 τῇσι
468 2395 519 2470 μὲν
537 2395 587 2469 τήν
605 2399 709 2454 ἑωυτῶν
724 2395 901 2472 ἐφύλασσον,
917 2396 992 2473 τριή-

197 2507 280 2540 κοντα
294 2481 323 2540 δέ
336 2484 402 2558 τῇσι
416 2480 518 2558 άριστα
534 2483 702 2562 πλωοώσησι
717 2489 744 2542 ἐν
759 2486 898 2560 Σαλαμῖνι
916 2489 992 2543 ἐναυ-

195 2567 337 2646 μάχησαν.
362 2572 508 2648 Αἰγινῆται
518 2569 549 2628 δέ
558 2575 612 2630 εἰσι
622 2573 739 2648 Δωριέες
749 2571 805 2631 άπδ
815 2571 992 2648 Ἐπιδαύρου·

194 2660 230 2734 τῇ
249 2656 277 2714 δὲ
296 2656 372 2734 νήσῳ
388 2655 523 2734 πρότερον
541 2658 645 2737 οὕνομα
662 2659 697 2734 ἦν
717 2661 831 2736 Οἰνώνη.
873 2658 944 2736 μετά
963 2661 993 2718 δέ

195 2742 352 2825 Αἰγινήτας,
381 2746 533 2810 Χαλκιδέες
558 2747 608 2810 τάς
635 2747 676 2808 ἐπ’
703 2748 871 2827 Ἀρτεμισίῳ
903 2748 993 2807 εἰκοσι

195 2831 380 2910 παρεχόμενοι
394 2833 438 2890 καὶ
447 2833 599 2912 Ἐρετριέες
611 2836 660 2898 τάς
674 2837 751 2896 ἑπτά·
773 2834 850 2896 οὗτοι
863 2837 892 2894 δὲ
900 2835 994 2900 Ἴωνές

196 2925 260 2980 εἰσι.
300 2919 371 2997 μετὰ
388 2920 425 2990 δὲ,
441 2924 521 2980 Κεῖοι
536 2923 586 2986 τάς
604 2923 688 2987 αὐτάς
703 2925 898 3002 παρεχόμενοι,
915 2925 993 2988 ἔθνος

195 3009 241 3068 ε’ὀν
255 3006 376 3068 Ἰωνικῶν
392 3006 448 3067 άπδ
465 3007 612 3084 Ἀθηνέων.
654 3011 756 3080 Νάξιοι
776 3013 806 3070 δὲ
825 3013 993 3090 παρείχοντο

194 3097 339 3173 τέσσερας,
353 3094 635 3171 ἀποπεμφθέντες
602 3125 653 3174 μεν
674 3103 701 3161 ἐς
720 3125 784 3162 τοις
804 3098 954 3174 Μήδους
937 3099 993 3158 υπδ

193 3187 248 3242 τῶν
258 3183 412 3258 πολιητέων
423 3181 544 3259 κατάπερ
553 3181 642 3244 ῶλλοι
650 3191 792 3261 νησιῶται,
800 3187 993 3268 ἀλογήσαντες

193 3270 279 3328 δὲ
241 3295 296 3328 των
315 3267 480 3327 ἐντολέων’
462 3270 582 3330 απίκατο
599 3277 626 3335 ἐς
644 3299 709 3336 τους
723 3273 874 3350 Ελληνας,
896 3281 993 3350 Δημο·
1065 3331 1070 3340 .
