2276 3538
165 155 213 204 164
473 154 654 202 ἨΡυΔοΤοα
889 152 965 220 [VII.

165 231 278 310 δεύτερα
293 229 397 292 τούτων
409 234 602 310 παραμείβετο
615 233 709 310 τείχεα
721 231 757 291 τά
774 234 892 310 Πιέρων·
913 241 966 296 τῶν

165 322 211 378 καὶ
230 322 268 379 ἐνὶ
285 320 398 399 Φάγρης
419 322 480 381 ἐστὶ
502 321 615 398 ούνομα,
637 322 682 379 καὶ
703 322 785 400 ἐτέρῳ
806 323 966 402 Πέργαμος·

134 412 138 426 ’
164 409 251 486 ταύτῃ
264 412 315 485 μὲν
329 409 362 484 δὴ
374 408 439 485 παρ’
450 409 520 468 αύτά
533 410 568 469 τά
582 410 676 487 τείχεα
690 407 743 484 τήν
756 409 821 469 ὁδόν
835 413 966 482 ἐποιέετο,

165 502 195 556 ἐκ
219 499 309 574 δεξιῆς
332 497 414 576 χερός
433 497 467 556 τδ
493 497 640 578 Πάγγαιον
661 495 742 573 οὖρος
763 495 899 578 α’πέργων,
922 498 967 558 ἐόν

164 586 238 667 μέγα
253 612 284 645 τε
304 585 350 644 καὶ
366 585 485 663 ύψηλόν·
507 591 536 644 ἐν
551 589 589 664 τῷ
607 584 716 664 χρύσεά
732 611 763 644 τε
782 587 826 644 καὶ
846 585 967 667 α’ργύρεα

164 675 203 732 ἔνι
216 675 353 750 μέταλλα,
368 673 403 732 τά
422 673 551 750 νέμονται
568 673 668 750 Πίερές
683 699 715 731 τε
731 674 777 731 καὶ
789 672 966 749 Ὀδόμαντοι,

118 763 231 820 113καὶ
247 761 375 837 μάλιστα
393 760 507 838 Σάτραι.
548 760 775 837 Ὑπεροικέοντας
791 761 821 820 δέ
837 761 870 820 τό
888 762 966 843 Πάγ-

164 875 245 930 γαιον
261 848 330 924 πρός
349 849 441 926 βορέω
460 848 562 924 α’νέμου
580 848 705 910 Παίονας
722 848 855 924 Δόβηράς
873 875 904 908 τε
920 852 966 908 καὶ

165 936 315 1018 Παιόπλας
328 937 473 1015 παρεξιών,
488 937 531 1012 ἤϊε
544 936 615 1014 πρός
629 937 759 1013 ἑσπέρην·
781 941 808 998 ἐς
821 936 837 995 δ
850 935 965 997 α’πίκετο

166 1015 213 1084 ἐπὶΙ
226 1024 354 1102 ποταμόν
369 1052 399 1084 τε
417 1025 563 1102 Στρυμόνα
580 1027 625 1083 καὶ
643 1025 728 1084 πόλιν
739 1024 845 1096 Ἠϊόνα,
857 1028 908 1100 τῆς
925 1027 966 1086 ἔτι

166 1114 233 1184 ζωός
250 1113 300 1174 ε’ὠν
316 1112 385 1192 ἦρχε
402 1112 502 1194 Βόγης,
516 1118 566 1173 τοῦ
581 1140 634 1190 περ
648 1113 736 1194 ὀλίγῳ
752 1112 888 1190 πρότερον
903 1114 964 1174 τού-

164 1227 218 1261 των
231 1201 318 1282 λόγον
333 1202 489 1278 ἐποιεύμην·
510 1201 529 1276 ηι
543 1201 572 1260 δὲ
587 1206 625 1282 γῆ
640 1201 740 1277 αύτηή
757 1202 820 1278 περὶ
836 1203 869 1261 τό
886 1202 965 1283 Πάγ-

164 1317 245 1370 γαιον
265 1289 329 1367 ὅρος
350 1291 479 1348 καλέεται
496 1290 611 1352 Φυλλίς·
634 1290 841 1360 κατατείνουσα,
859 1289 894 1350 τά
913 1293 965 1367 μὲν

165 1379 236 1455 πρός
258 1379 384 1456 ἕσπέρην,
409 1379 453 1436 ἐπὶ
476 1377 603 1452 ποταμόν
624 1376 757 1459 Ἀγγίτην
778 1378 917 1439 ἐκδιδόντα
938 1384 965 1442 ἐς

165 1467 214 1525 τόν
228 1467 383 1542 Στρυμόνα·
404 1466 439 1524 ταὶ
458 1466 487 1524 δὲ
503 1465 573 1542 πρός
585 1467 775 1542 μεσαμβρίην,
790 1468 920 1526 τείνουσα
938 1473 965 1530 ἐς

165 1553 249 1613 αύτόν
266 1554 315 1613 τόν
332 1553 486 1629 Στρυμόνα,
501 1558 529 1616 ἐς
543 1553 593 1612 τόν
611 1556 638 1611 οἶ
657 1552 754 1634 Μάγοι
769 1557 964 1632 ἐκαλλιρέοντο

120 1641 342 1716 114σφάζοντες
370 1641 469 1703 ἵππους
495 1641 618 1704 λευκούς.
660 1643 908 1718 Φαρμακεύσαντες
935 1645 964 1704 δέ

164 1733 252 1788 ταῦτα
269 1733 296 1790 ἐς
316 1728 366 1788 τόν
386 1728 521 1805 ποταμόν,
540 1729 585 1786 καὶ
605 1727 681 1787 ἅλλα
701 1730 798 1790 πολλά
814 1732 884 1808 πρός
903 1731 963 1792 τού·

164 1842 248 1885 τοισι,
270 1821 299 1875 ἐν
317 1814 414 1875 Ἐννέα
434 1815 544 1875 Ὁδοῖσι
564 1820 632 1895 τῇσι
651 1815 780 1877 Ἠδωνῶν
801 1819 964 1896 ἐπορεύοντο

166 1903 236 1962 κατὰ
247 1904 296 1967 τάς
306 1902 437 1984 γεφύρας,
445 1903 495 1964 τόν
503 1904 649 1982 Στρυμόνα
661 1906 784 1983 εὑρόντες
794 1908 963 1988 ἐζευγμένον.

165 1991 262 2051 Ἐννέα
286 1992 315 2051 δέ
338 1991 437 2055 Ὀδούς
458 1993 660 2070 πυνθανόμενοι
681 1993 730 2053 τόν
752 1998 844 2072 χῶρον
866 1999 964 2056 τοῦτον

167 2081 326 2154 καλέεσθαι,
340 2079 491 2143 τοσούτους
510 2086 538 2140 ἐν
557 2081 629 2159 αὐτῷ
642 2081 742 2144 παῖδάς
754 2107 785 2141 τε
801 2083 847 2140 καὶ
863 2085 963 2160 παρθέ-

166 2160 237 2233 νους
252 2169 358 2247 ἀνδρῶν
377 2174 432 2229 τῶν
455 2170 607 2248 ἐπιχωρίων
631 2169 749 2241 ζώοντας
773 2171 963 2248 κατώρυσσον.

167 2258 320 2338 (Περσικόν
347 2258 377 2317 δέ
403 2258 436 2317 τό
463 2258 582 2328 ζώοντας
609 2258 802 2336 κατορύσσειν·
834 2261 894 2319 ἐπεὶ
919 2263 964 2319 καὶ

162 2347 320 2423 ΙἈμηστριν
333 2346 384 2420 τήν
397 2346 505 2422 Ξέρξεω
518 2349 635 2425 γυναῖκα
651 2347 825 2425 πυνθάνομαι
840 2349 964 2429 γηράσα-

136 2439 137 2446 “
166 2459 222 2493 σαν
244 2434 284 2496 δὶς
311 2432 381 2491 ἐπτά
404 2433 538 2508 Περσέων
562 2434 662 2496 παῖδας
689 2435 788 2494 ἐόντων
812 2438 966 2513 ἐπιφανέων

166 2520 269 2596 ἀνδρῶν
282 2520 351 2595 ύπέρ
366 2523 467 2594 ἐωυτῆς
483 2523 521 2597 τῷ
534 2519 589 2580 ύπύ
603 2526 658 2601 γῆν
671 2523 814 2604 λεγομένῳ
828 2524 897 2584 εἶναι
914 2525 967 2605 θεῷ

167 2607 393 2686 ἀντιχαρίζεσθαι
408 2607 663 2688 κατορύσσουσαν.)

120 2699 176 2758 115
230 2694 279 2757 Ὡς
293 2695 322 2752 δὲ
338 2693 394 2752 ἀπό
410 2698 460 2753 τοῦ
479 2696 636 2772 Στρυμόνος
650 2698 795 2775 ἐπορεύετο
808 2697 825 2758 ό
837 2701 966 2775 στρατός,

167 2784 284 2843 ἐνθαῦτα
305 2782 375 2858 πρός
394 2781 477 2857 ἡλίου
498 2783 624 2862 δυσμέων
646 2788 707 2845 ἐστὶ
726 2787 862 2867 αἰγιαλός,
882 2793 911 2848 ἐν
930 2794 968 2868 τῷ

166 2871 313 2948 οἰκημένην
328 2869 465 2951 Ἀργιλον
486 2871 571 2932 πόλιν
590 2873 717 2933 Ἑλλάδα
737 2876 879 2953 παρεζήϊε·
899 2878 968 2954 αὕτη

166 2961 195 3020 δὲ
224 2961 268 3018 καὶ
297 2959 316 3034 ἦ
344 2959 497 3036 κατύπερθε
524 2961 626 3038 ταύτης
659 2963 788 3022 καλέεται
816 2969 967 3041 Βισαλτίη·

167 3049 292 3108 ἐνθεῦτεν
303 3047 340 3115 δέ,
353 3046 459 3105 κόλπον
470 3045 519 3106 τόν
530 3051 575 3108 ἐπὶ
590 3051 761 3126 Ποσειδηΐου
775 3053 806 3122 ἐξ
818 3053 968 3130 ἀριστερῆς

165 3135 247 3214 χερός
260 3136 337 3214 ἔχων,
351 3133 395 3208 ἤϊε
412 3135 456 3192 διά
475 3137 580 3198 Συλέος
593 3139 688 3197 πεδίου
703 3143 880 3216 καλεομένου,
897 3142 966 3205 Στά-

164 3249 258 3303 γειρον
276 3221 361 3282 πόλιν
376 3220 502 3280 Ἑλλάδα
521 3225 774 3302 παραμειβόμενος,
792 3230 836 3286 καὶ
853 3229 967 3287 α’πίκετο

128 3305 131 3345 ¹,
166 3314 193 3372 ἐς
201 3309 342 3370 ’Ἄκανθον
350 3308 408 3384 ἅμα
416 3306 662 3389 ιῖγόμενοςτούτων
671 3314 790 3374 ἕκαστον
798 3320 852 3375 τῶν
861 3315 966 3381 ἐθνέων,
