2262 3534
158 142 268 206 74-78]
465 143 654 192 ΚΔΛΔῙΟΠΗ.
910 136 958 190 817

158 220 224 284 τούς
245 219 396 296 Ἕλληνας,
421 223 508 280 έοῦσα
531 219 666 295 παλλακὴ
692 217 884 296 Φαρανδάτεος
909 220 960 277 τοῦ

159 308 308 376 Τεάσπιος,
319 308 417 384 α’νδρός
429 309 555 386 Πέρσεω,
567 308 772 385 κοσμησαμένη
781 310 877 385 χρυσῷ
889 309 958 364 πολ-

160 400 201 474 λῷ
219 397 266 454 καὶ
283 394 353 470 αὕτη
370 396 416 453 καὶ
433 399 461 454 αἱ
479 395 648 472 α’μφίπολοι,
663 397 709 454 καὶ
728 397 827 468 ε’σθῆτι
844 397 960 472 τῇκολ-

160 487 247 562 λιστη
259 487 314 544 τῶν
326 484 511 560 παρεουσέων,
523 486 677 561 καταβᾶσα
687 489 717 544 έκ
727 487 777 558 τῆς
786 480 959 558 ἁρμαμάξης,

160 571 260 649 ἐχώρεε
281 577 308 634 ές
327 570 392 634 τοῦς
412 572 644 649 Λακεδαιμονίους
662 573 702 630 ἔτι
720 577 749 631 έν
766 574 834 648 τῇσι
853 573 959 646 φονῇσι

159 657 262 722 έόντας·
281 657 378 735 ὁρῶσα
391 658 421 717 δὲ
434 659 525 718 πάντα
539 662 628 718 ε’κεῖνα
642 658 772 718 διέποντα
785 656 958 730 Παυσανίην,

159 746 294 822 πρότερόν
307 772 337 805 τε
350 747 383 806 τά
397 744 501 822 οὕνομα
515 747 716 822 ἐξεπισταμένη
727 747 773 804 καὶ
782 745 834 820 την
842 744 958 820 πάτρην,

159 832 232 892 ὥστε
242 833 380 898 πολλάκις
394 833 551 907 ἀκούσασα,
564 836 632 914 έγνω
641 860 671 894 τε
681 835 730 893 τὸν
739 833 905 909 Παυσανίην
914 833 960 890 καὶ

160 923 307 998 λαβομένη
327 925 382 981 τῶν
401 922 542 1004 γουνάτων
562 925 642 1002 ἔλεγε
661 922 735 982 τάδε·
765 921 813 980 “ιιἰ
832 923 957 998 βασιλεῦ

161 1007 300 1084 Σπάρτης,
314 1011 401 1086 ῥῦσαί
411 1035 448 1086 με
461 1009 611 1086 την-ἱκέτιν
629 1010 810 1088 αἰχμαλώτου
823 1009 959 1068 δουλοσύ-

161 1121 218 1170 νης·
246 1096 284 1154 σι)
299 1097 354 1177 γάρ
373 1097 418 1155 καὶ
436 1102 464 1160 ές
481 1097 544 1157 τάδε
564 1097 680 1173 ώνησας,
697 1097 799 1156 τούσδε
815 1097 959 1158 ἀπολέσας

161 1182 225 1246 τούς
238 1182 301 1242 οὔτε
315 1184 450 1260 δαιμόνων
465 1183 527 1244 οὔτε
542 1186 611 1245 θεῶν
624 1184 688 1245 ὄπιν
701 1187 823 1264 ἔχοντας.
861 1186 916 1261 εἰμὶ
929 1185 959 1244 δὲ

161 1271 241 1349 γένος
258 1274 309 1347 μέν
327 1272 402 1350 Κῴη,
417 1272 540 1353 θυγάτηρ
555 1273 585 1331 δὲ
596 1272 785 1352 Ἡγητορίδεω
800 1277 851 1332 τοῦ
862 1273 958 1333 Ἀντα-

161 1357 259 1436 γόρεω·
279 1360 332 1437 βίῃ
346 1360 377 1418 δέ
388 1386 424 1436 με
442 1362 542 1436 λαβών
556 1367 585 1420 ε’ν
599 1365 648 1438 Κῷ
661 1361 720 1440 εἶχε
733 1362 748 1420 ὁ
763 1361 902 1438 Πέρσης.”
942 1361 959 1422 ά

163 1446 192 1504 δὲ
205 1447 352 1524 α’μείβεται
369 1448 475 1508 τοῖσδε·
497 1459 515 1484 “
523 1447 612 1529 γύναι,
627 1447 734 1525 θάρσει,
754 1451 799 1508 καὶ
816 1449 850 1512 ώς
869 1451 959 1520 ἱκέτις,
998 1485 1002 1495 .

164 1537 208 1592 καὶ
223 1540 246 1594 εί
260 1535 293 1611 δή
307 1535 377 1613 πρός
389 1536 477 1616 τούτῳ
490 1535 635 1616 τυγχάνεις
648 1535 756 1612 ἀληθέα
765 1538 897 1617 λέγουσα,
914 1539 960 1597 καὶ

164 1622 202 1686 εἶς
217 1624 341 1706 θυγάτηρ
362 1623 550 1706 Ἡγητοριδεω
568 1629 618 1684 τοῦ
637 1625 727 1704 Κῴου,
744 1625 774 1689 δς
792 1627 853 1703 ἐμοὶ
873 1627 960 1696 ξεῖνος

162 1711 288 1787 μάλιστα
300 1712 430 1794 τυγχάνει
449 1714 500 1773 ε’ών
511 1716 567 1772 τῶν
579 1714 643 1791 περὶ
658 1715 761 1777 κείνους
778 1714 842 1778 τούς
854 1714 960 1793 χώρους

163 1801 337 1877 οἶκημένων.”
377 1806 465 1862 ταῦτα
489 1802 575 1872 ε’ίπας,
595 1801 660 1862 τότε
680 1805 732 1879 μὲν
753 1805 885 1879 ἐπέτρεψε
905 1807 961 1862 τών

164 1889 272 1965 ἐφόρων
293 1893 370 1948 τοῖσι
391 1895 534 1965 παρεοῦσι,
561 1889 679 1966 ὕστερον
702 1891 732 1949 δὲ
759 1890 906 1967 ἀπέπεμψε
933 1897 961 1954 ές

164 1977 288 2056 Αἴγιναν,
303 1981 331 2040 ές
343 1977 394 2052 τήν
408 1977 477 2052 αὕτη
487 1977 573 2052 ἤθελε
586 1975 745 2036 ἀπικέσθαι.

204 2064 286 2123 Μετοὶ
306 2064 336 2122 δὲ
358 2064 410 2139 τήν
430 2063 524 2132 ἄπιξιν
544 2068 595 2139 τῆς
617 2063 752 2144 γυναικάς,
773 2064 870 2123 αὐτίκα
890 2065 1007 2141 μετοὶ77

163 2155 251 2210 ταῦτα
266 2151 400 2211 οἷπίκοντο
418 2153 570 2213 Μαντινέες
589 2151 630 2210 ἔπ’
649 2152 888 2232 ἐξεργασμένοισι·
908 2179 960 2229 μα-

164 2239 258 2302 θόντες
278 2240 308 2299 δὲ
328 2238 371 2299 ὅτι
390 2238 503 2316 ὕστεροι
522 2239 623 2315 ἥκουσι
643 2243 693 2315 τῆς
711 2242 871 2316 συμβολῆς,
891 2267 960 2318 συμ-

164 2328 256 2404 φορὴν
282 2330 424 2387 ἐποιεῦντο
444 2328 580 2409 μεγάλην,
605 2327 680 2397 άξιοί
700 2353 731 2387 τε
759 2330 869 2403 ἔφασαν
893 2329 962 2388 εἶναι

164 2417 257 2490 σφέας
270 2417 417 2492 ζημιώσαι·
438 2415 639 2492 πυνθανόμενοι
652 2416 682 2475 δὲ
694 2414 759 2479 τούς
771 2417 886 2492 Μήδους
898 2418 962 2481 τοὺς

162 2505 234 2581 μετά
246 2503 424 2580 Ἀρταβάζου
443 2503 606 2585 φεύγοντας,
619 2503 732 2566 τούτους
751 2505 861 2565 ἐδίωκον
878 2507 962 2584 μέχρι

163 2594 336 2669 Θεσσαλίης·
364 2592 589 2672 (Λακεδαιμόνιοι
612 2592 642 2652 δὲ
663 2592 713 2652 οὐκ
737 2593 786 2652 ἔων
808 2593 962 2675 φεύγοντας

163 2680 291 2762 διώκειν’)
312 2684 339 2741 οἶ
352 2681 382 2741 δὲ
395 2680 625 2760 ἀναχωρήσαντες
643 2687 670 2744 ε’ς
687 2681 740 2758 τήν
761 2685 874 2752 ε’ωυτιδν,
897 2684 962 2746 τούς

163 2767 302 2849 ἡγεμόνας
318 2774 369 2846 τῆς
384 2773 518 2846 στρατιῆς
531 2769 645 2839 ἐδίωξαν
664 2775 695 2829 έκ
707 2775 758 2845 πῆς
770 2774 832 2852 γῆς.
846 2771 917 2848 μετά
933 2771 963 2830 δὲ

164 2858 320 2921 Μαντινέας
327 2856 396 2934 ἧκον
404 2857 523 2917 Ἠλεῖοι·
538 2859 583 2917 καὶ
594 2858 723 2922 ώσαύτως
733 2862 760 2918 οἱ
768 2858 878 2918 Ἠλεῖοι
887 2862 963 2918 τοῖσι

163 2950 335 3006 Μαντινεῦσι
355 2946 507 3023 συμφορὴν
522 2947 708 3024 ποιησάμενοι
727 2946 962 3006 ἀπαλλάσσοντο·

163 3033 334 3097 άπελθόντες
344 3034 373 3093 δὲ
387 3036 432 3093 καὶ
446 3031 523 3094 οὗτοι
535 3034 747 3114 τοῦςῆγεμόνας
765 3033 886 3104 ἐδίωξαν.
927 3034 962 3094 τά

165 3122 234 3182 κατά
248 3123 405 3185 Μαντινέας
417 3125 469 3200 μὲν
482 3123 528 3181 καὶ
540 3123 670 3187 Ἠλείους
681 3126 816 3183 τοσαῦτα.

201 3211 251 3272 Ἐν
265 3212 294 3272 δὲ
307 3215 473 3290 Πλαταιῇσι
487 3217 515 3272 έν
531 3216 570 3292 τῷ
587 3212 767 3291 στρατοπέδῳ
785 3216 840 3272 τών
853 3217 963 3294 Αίγινη
973 3214 1011 3273 78

162 3303 230 3362 τέων
242 3300 418 3382 ἦνιλάμπων
431 3300 446 3360 ὁ
461 3299 570 3370 Πύθεω,
585 3301 752 3382 Αἰγινητέων
765 3299 801 3359 τά
814 3305 920 3378 πρῶτα,
934 3300 964 3363 ὃς

171 3385 271 3434 ῙῘ.-·2δ
