2278 3538
166 179 276 243 οι-ου]
493 177 647 228 omnm.
918 179 963 226 241

163 261 219 336 μὲν
238 258 325 336 ἠπίως
344 258 414 336 πρός
432 257 483 319 τόν
503 259 653 335 Κορίνθιον
673 257 821 336 ἀμείψατο·
847 253 918 335 πρός
937 256 966 316 δὲ

162 347 216 406 τόν
246 345 424 424 Εὐρυβιάδεα
454 348 532 428 ἔλεγε
561 347 670 406 ἐκείνων
694 349 746 423 μὲν
770 345 860 406 οὐκέτι
887 344 965 405 οὐδὲν

161 439 221 495 τῶν
241 434 377 514 πρότερον
396 435 559 514 λεχθέντων,
581 434 616 497 ὥς
639 434 723 494 ἐπεάν
745 432 886 511 ἀπαίρωσι
909 431 966 494 ἀπό

163 522 558 600 Σαλαμῖνος,ιδιαδρήσονται·
586 522 743 599 παρεόντων
755 521 810 603 γάρ
826 525 881 581 τῶν
897 546 965 597 συμ

163 610 264 690 μάχαν
290 611 340 671 οὐκ
368 611 451 689 ἔφερέ
474 614 501 670 οἱ
525 611 633 688 κόσμον
655 610 753 672 οὐδένα
780 610 965 691 κατηγορέειν·

163 697 230 758 όδέ
246 698 338 759 ἀλλου
355 699 444 780 λόγου
463 700 562 779 εἴχετο,
576 700 666 781 λέγων
683 698 758 760 τάδε·
780 709 798 735 “
807 703 836 758 ἐν
854 699 902 758 σοὶ
917 700 966 758 νῦν

166 788 230 846 ἐστὶ
250 792 344 849 σῶσαι
361 787 413 864 τήν
430 787 565 857 Ἐλλάδα,
580 786 616 864 ήν
635 788 697 865 ἐμοὶ
715 787 799 866 πείθῃ
814 786 969 864 ναυμαχίην

165 873 252 936 αὐτοῦ
278 877 368 953 μένων
393 877 548 947 ποιέεσθαι,
571 876 650 953 μηδὲ,
677 875 841 954 πειθόμενος
865 874 969 936 τούτων
1011 893 1014 898 “

163 965 243 1023 τοῖσι
255 966 382 1046 λέγουσι,
396 963 545 1044 ἀναζεύξῃς
557 966 627 1042 πρός
639 964 689 1024 τόν
700 964 820 1041 Ἰσθμόν
832 962 882 1027 τάς
892 967 969 1039 νῆας·

164 1049 275 1115 ἀντίθες
291 1051 346 1132 γάρ
363 1051 491 1129 ἑκάτερον
507 1052 639 1115 ἀκούσας·
660 1051 730 1130 πρός
744 1054 796 1130 μὲν
813 1055 851 1130 τῷ
863 1051 969 1130 Ἰσθμῷ

163 1137 346 1214 συμβάλλων
360 1145 389 1200 ἐν
402 1140 520 1220 πελάγεϊ
537 1140 755 1219 ἀναπεπταμένῳ
771 1139 968 1217 ναυμαχήσεις,

164 1230 195 1290 ἐς
212 1226 229 1286 ὃ
241 1226 344 1304 ἥκιστα
360 1227 427 1304 ήμῖν
445 1226 596 1305 σύμφορόν
614 1233 676 1288 ἐστι
689 1231 756 1304 νῆας
770 1228 867 1306 έχουσι
879 1227 968 1302 βαρυ-

163 1315 247 1390 τέρας
267 1317 313 1376 καὶ
333 1316 453 1393 ἀριθμόν
474 1316 643 1379 ἐλάσσονας·
670 1319 753 1375 τοῦτο
777 1315 814 1387 δέ,
840 1313 969 1376 ἀπολέεις
1007 1351 1011 1361 ,

165 1403 315 1480 Σαλαμῖνά
327 1431 358 1464 τε
372 1405 418 1462 καὶ
432 1405 553 1486 Μέγαρα
572 1405 617 1462 καὶ
635 1403 759 1485 Αἴγιναν,
773 1401 861 1479 ἤνπερ
874 1400 969 1461 καὶτὰ

164 1487 243 1550 ἀλλα
266 1491 470 1571 εὐτυχήσωμεν·
505 1491 564 1570 ἅμα
592 1491 648 1573 γάρ
674 1494 713 1570 τῷ
739 1494 854 1570 ναυτικῷ
880 1489 970 1549 αὐτῶν

163 1577 262 1652 ἕψεται
281 1581 327 1638 καὶ
345 1580 361 1639 ὁ
379 1581 462 1651 πεζὰς
480 1579 610 1658 στρατός·
632 1580 678 1639 καὶ
691 1577 762 1640 οὕτω
775 1579 868 1655 σφέας
886 1576 969 1641 αὐτός

162 1664 239 1735 ἄξεις
252 1668 298 1727 ε’πὶ
310 1667 364 1744 τήν
379 1668 610 1743 Πελοπόννησον,
625 1667 806 1732 κινδυνεύσεις
820 1694 852 1727 τε
870 1665 968 1745 άπάσῃ

163 1757 201 1833 τῇ
221 1754 347 1816 Ἑλλάδι.
391 1755 426 1833 ἢν
447 1757 477 1816 δὲ
497 1756 533 1817 τοὶ
554 1757 608 1839 ἐγιύ
624 1757 698 1838 λέγω
714 1756 844 1837 ποιήσῃς,
864 1755 969 1815 τοσάδε

164 1845 196 1902 ἐν
214 1842 326 1904 αὐτοῖσι
343 1845 456 1924 χρηστά
475 1845 611 1922 εὐρήσεις·
632 1849 728 1922 πρῶτα
743 1848 803 1922 μὲν,
822 1849 851 1904 έν
870 1846 970 1922 στεινῷ

164 1930 385 2009 συμβάλλοντες
405 1935 488 2009 νηυσὶ
504 1933 620 2014 ὀλίγῃσι
642 1932 713 2010 πρός
735 1931 854 2000 πολλός,
878 1929 913 2007 ἣν
933 1930 969 1991 τοὶ

164 2019 262 2080 οἰκότα
275 2025 305 2080 ἐκ
318 2025 368 2081 τοῦ
381 2023 508 2098 πολέμου
527 2022 643 2100 ἐκβαίνῃ
656 2020 767 2080 πολλόν
781 2019 967 2097 κρατήσομεν·

164 2106 199 2168 τό
218 2108 274 2188 γάρ
295 2114 324 2168 έν
345 2113 443 2189 στεινῷ
463 2110 629 2188 ναυμαχέειν
649 2107 719 2186 πρός
736 2108 828 2184 ἡμέων
848 2107 919 2166 ἐστί·
941 2111 970 2166 ἐν

165 2191 319 2276 εὐρυχωρίῃ
332 2198 362 2258 δὲ
374 2199 445 2274 πρός
459 2200 576 2259 ἐκείνων.
614 2196 692 2260 αιίτις
703 2197 742 2265 δὲ,
752 2195 882 2272 Σαλαμὶς
894 2219 968 2272 περι-

163 2285 279 2364 γίνεται,
291 2291 319 2348 ἐς
328 2286 379 2362 τήν
389 2285 457 2363 ήμῖν
466 2286 624 2346 ὐπέκκειται
636 2286 719 2345 τέκνα
732 2309 762 2344 τε
776 2284 822 2344 καὶ
832 2287 969 2364 γυναῖκες.

165 2373 213 2430 καὶ
221 2373 279 2450 μήν
289 2374 334 2432 καὶ
344 2373 408 2434 τόδε
419 2379 448 2434 ἐν
458 2373 570 2435 αὐτοῖσι
584 2375 675 2433 ἔνεστι
687 2375 736 2432 τοῦ
748 2371 794 2430 καὶ
804 2371 970 2450 περιέχεσθε

163 2460 303 2536 μάλιστα·
332 2461 433 2539 ὁμοίως
450 2463 534 2522 αὐτοῦ
555 2488 586 2522 τε
605 2462 702 2538 μένων,
724 2458 969 2539 προναυμαχήσεις

167 2551 399 2626 Πελοπονιήσου,
421 2552 467 2610 καὶ
488 2550 559 2629 πρός
578 2554 616 2630 τῷ
635 2549 751 2628 Ἰσθμῷ·
783 2547 847 2608 οὐδέ
867 2554 968 2625 σφεας,

165 2639 243 2715 εἴπερ
258 2637 288 2698 εὖ
301 2640 437 2715 φρονέεις,
449 2639 523 2710 ἀξεις
536 2639 581 2698 ἐπὶ
595 2637 647 2712 τήν
661 2635 893 2712 Πελοπόννησον.
934 2635 969 2713 ήν

163 2723 198 2782 δέ
219 2751 252 2806 γε
275 2728 320 2785 καὶ
341 2727 376 2786 τά
399 2727 452 2809 ἐγιύ
475 2727 578 2798 ἐλπίζω
601 2727 722 2807 γένηται,
746 2725 792 2784 καὶ
812 2724 969 2802 νικήσωμεν

162 2817 233 2891 τῇσι
247 2816 337 2890 νηυσὶ,
351 2814 415 2876 οὔτε
434 2815 501 2893 ὐμῖν
515 2821 541 2878 ές
554 2815 604 2875 τάν
616 2813 734 2891 Ἰσθμόν
753 2814 925 2890 παρέσονται
942 2815 968 2873 οἳ

163 2901 319 2979 βάρβαροι,
329 2902 392 2963 οὐτε
404 2903 601 2980 προβήσονται
614 2902 752 2978 ἑκαστέρω
765 2905 815 2976 τῆς
826 2900 964 2975 Ἀττικῆς,

162 2988 270 3050 ἀπίασί
286 3017 317 3050 τε
330 2991 419 3050 οὐδενὶ
438 2991 542 3070 κόσμῳ,
559 2989 722 3071 Μεγάροισί
736 3015 767 3048 τε
787 2987 968 3064 κερδανέομεν

163 3083 316 3154 περιεοῦσι,
337 3079 383 3138 καὶ
401 3079 510 3160 Αἰγίνῃ,
525 3079 571 3137 καὶ
586 3080 734 3154 Σαλαμῖνι,
750 3081 778 3135 έν
790 3079 827 3153 τῇ
841 3073 908 3150 ήμῖν
922 3075 968 3134 καὶ

164 3167 263 3246 λόγιόν
281 3174 343 3228 ἐστι
355 3171 410 3227 τῶν
425 3169 532 3246 ἐχθρῶν
545 3166 699 3242 κατύπερθε
712 3164 852 3245 γενέσθαι.
894 3161 965 3221 οἰκό-

163 3279 201 3316 τα
212 3257 264 3330 μέν
278 3283 325 3316 νυν
337 3256 571 3331 βουλευομένοισι
584 3253 756 3330 ἀνθρώποισι
767 3249 802 3313 οἷς
814 3249 847 3310 τά
866 3249 968 3310 ἐπίπαν

164 3343 255 3402 ἐθέλει
273 3343 410 3423 γίνεσθαι·
430 3341 472 3418 μή
491 3343 520 3402 δὲ
537 3342 633 3402 οἰκότα
651 3337 896 3417 βουλευομένοισι,
915 3335 967 3398 οὐκ

842 3436 850 3456 .
