2268 3536
182 157 211 202 38
505 153 688 202 Ἧνοιονοτ
932 151 978 216 [ν.

181 231 243 291 οὔτε
270 238 294 290 εἰ
316 235 431 296 ἓσσονες
452 232 708 314 συγγινωσκόμενοι
729 232 798 292 εἰναι
818 235 855 310 τῇ
878 257 980 308 ναυμα-

181 322 229 399 χίη
249 321 318 380 κατά
334 324 417 380 τοῦτο
439 321 521 392 εἶξαν,
544 321 606 380 οὔτε
628 326 651 379 εἰ
670 319 842 394 βουλόμενοι
862 323 981 393 ποιῆσαι

182 407 241 468 οἰόν
256 436 283 468 τι
304 410 349 467 καὶ
366 410 523 488 ἐποίησαν)
547 408 710 484 Ἀθηναίους
727 409 779 484 μέν
800 435 856 476 νυν,
871 411 934 469 ε’πεί
953 410 981 468 τέ

183 502 239 572 σφι
253 497 341 560 οὐδεὶς
355 502 381 560 ές
394 497 488 576 μάχην
503 498 662 564 κατίστατο,
678 495 842 571 α’ποβάντας
854 494 910 554 α’πό
927 501 981 556 τῶν

184 589 251 645 νεῶν
266 587 423 662 τραπέσθαι
439 585 509 661 πρός
529 584 564 642 τά
583 583 743 664 ἀγάλματα·
766 582 798 642 οὗ
817 583 981 646 δυναμένους

184 673 213 732 δὲ
231 673 397 734 άνασπόσαι
415 679 446 732 έκ
466 677 521 732 τῶν
538 673 654 748 βάθρων
672 669 750 741 αι’ττιί,
768 671 839 730 οὕτω
855 670 889 746 δή
907 697 981 747 περι-

182 762 379 836 βαλλομένους
403 762 515 839 σχοινία
544 761 642 829 ἕλκειν,
671 763 697 822 ἒς
725 757 756 820 οὗ
786 759 921 835 ἑλκόμενα
947 759 982 818 τά

183 847 333 927 ἀγάλματα
355 848 502 926 α’μφότερα
522 847 610 906 τώυτό
635 853 763 923 ποιῆσαι·
793 849 853 924 ἐμοὶ
877 851 928 923 μέν
950 849 982 906 οιί
1039 915 1041 920 ¹

182 937 272 996 πιστά
293 938 429 1018 λέγοντες,
444 936 523 1016 ἅλλῳ
542 937 573 996 δέ
589 963 650 1016 τεῳ·
673 943 700 1000 ές
712 937 834 1018 γούνατα
850 935 905 1016 γάρ
926 943 981 1011 σφι

183 1023 252 1083 αὐτά
269 1026 388 1094 πεσέειν,
404 1027 449 1083 καὶ
462 1025 511 1085 τόν
531 1025 586 1084 άπὸ
605 1025 703 1084 τούτου
716 1025 818 1102 χρόνον
832 1024 982 1082 διατελέειν

184 1111 254 1172 οὕτω
281 1115 389 1193 ἔχοντα.
430 1113 593 1189 Ἀθηναίους
619 1117 670 1190 μὲν
698 1113 730 1188 δή
758 1117 844 1171 ταῦτα
871 1114 980 1180 ποιέειν,

186 1203 279 1276 σφέας
292 1203 321 1261 δέ
335 1206 482 1284 Αἰγινῆται
498 1204 623 1283 λέγουσι,
638 1202 810 1278 πυθομένους
822 1199 888 1264 τοῦς
901 1198 981 1274 Ἀθη-

186 1290 278 1354 ναίους
300 1290 334 1353 ὦς
354 1292 487 1368 μέλλοιεν
511 1293 555 1349 ἐπὶ
574 1293 666 1366 σφέας
686 1289 898 1366 στρατεύεσθαι,
915 1289 981 1347 ἑτοί-

184 1403 254 1452 μους
274 1378 416 1460 Ἀργείους
439 1380 593 1439 ποιέεσθαι·
621 1379 686 1441 τοιίς
706 1405 737 1439 τε
761 1377 794 1453 δή
820 1377 982 1451 Ἀθηναίους

183 1463 364 1542 α’ποβεβιίναι
386 1473 413 1530 ἐς
435 1467 486 1542 τὴν
503 1469 655 1548 Αἰγιναίην,
671 1468 715 1525 καὶ
736 1470 862 1543 παρεῖναι
880 1465 981 1539 βοηθέ-

184 1551 265 1615 οντάς
279 1561 334 1629 σφι
348 1554 412 1617 τούς
425 1554 575 1635 Ἀργείους·
598 1557 643 1614 καὶ
656 1557 753 1614 λαθεῖν
767 1581 797 1613 τε
812 1555 842 1622 έξ
854 1552 981 1612 Ἐπιδαύ-

183 1665 234 1714 ρου
258 1641 410 1716 διαβάντας
431 1647 458 1704 ές
478 1643 529 1718 τήν
552 1649 647 1718 νῆσον,
671 1644 716 1701 καὶ
739 1643 770 1702 οὐ
792 1640 982 1719 προακηκοόσι

183 1731 260 1786 τοῖσι
272 1727 448 1805 Ἀθηναίοισι
463 1733 619 1790 ε’πιπεσέειν
636 1731 862 1807 ὑποταμομένους
878 1729 910 1790 τό
927 1729 981 1789 άπό

183 1819 239 1875 τῶν
253 1820 328 1876 νεῶν·
351 1817 408 1894 ἅμα
421 1845 453 1878 τε
467 1823 496 1878 έν
509 1820 596 1899 τούτῳ
609 1821 660 1894 τήν
670 1818 795 1896 βροντήν
808 1845 838 1877 τε
852 1819 981 1898 γενέσθαι

136 1905 230 1962 87καί
243 1903 292 1965 τόν
306 1907 427 1982 σεισμόν
437 1907 557 1968 αὐτοῖσι.
599 1909 718 1988 Λέγεται
731 1908 783 1983 μέν
797 1933 844 1966 νυν
862 1905 907 1964 ὑπ’
920 1904 981 1982 Ἀρ-

186 1992 267 2072 γείων
281 2020 311 2052 τε
330 1995 376 2053 καί
398 1998 566 2076 Αἰγινητέων
584 1995 660 2054 τάδε·
681 1994 865 2075 ὁμολογέεται
887 1994 917 2053 δὲ
938 1995 982 2052 καὶ

183 2079 230 2138 ὕπ’
246 2080 406 2158 Ἀθηναίων,
430 2084 476 2143 ἕνα
496 2081 598 2159 μοῦνον
621 2083 669 2142 τόν
691 2083 874 2142 ἀποσωθέντα
896 2081 983 2141 αὐτῶν

187 2173 214 2232 ές
234 2171 285 2247 τήν
307 2170 441 2246 Ἀττικήν
464 2172 605 2252 γενέσθαι·
629 2171 705 2246 πλὴν
723 2171 845 2251 Ἀργεῖοι
867 2174 918 2247 μὲν
938 2171 982 2228 λέ-

184 2284 275 2338 γουσι,
291 2257 381 2318 αὐτῶν
400 2259 433 2318 τό
454 2258 582 2318 Ἀττικόν
599 2258 790 2336 στρατόπεδον
810 2258 981 2335 διαφθειράν-

185 2371 239 2406 των
259 2346 308 2406 τὸν
327 2347 375 2404 ἕνα
393 2353 492 2407 τοῦτον
510 2348 713 2428 περιγενέσθαι,
728 2346 871 2422 Ἀθηναῖοι
888 2346 917 2404 δὲ
934 2351 984 2404 τοῦ

185 2433 337 2509 δαιμονίου,
351 2436 546 2514 περιγενέσθαι
567 2435 662 2511 μέντοι
679 2435 740 2494 οὐδὲ
754 2439 853 2494 τοῦτον
866 2434 915 2493 τόν
929 2435 983 2503 ἕνα,

184 2519 250 2579 ἀλλ’
272 2521 432 2582 ἀπολέσθαι
458 2522 552 2602 τρόπῳ
578 2523 683 2601 τοιῷδε·
712 2523 855 2597 κομισθεὶς
882 2521 936 2602 γάρ
958 2527 985 2584 ές

183 2609 234 2672 τοίς
247 2609 367 2685 Ἀθήνας
381 2609 536 2692 α’πήγγειλε
552 2610 585 2670 τό
604 2611 703 2673 πάθος·
724 2611 881 2685 πυθομένας
894 2609 923 2667 δὲ
936 2609 985 2672 τοὶς

186 2701 318 2777 γυναῖκας
338 2703 392 2758 τῶν
414 2699 455 2758 ἐπ’
470 2699 586 2780 Αἴγιναν
608 2699 856 2775 στρατευσαμένων
872 2696 985 2773 ἀνδρῶν,

185 2785 273 2845 δεινόν
293 2812 321 2846 τι
345 2789 537 2865 ποιησαμένας
559 2791 649 2847 κεῖνον
672 2791 775 2862 μοῦνον
802 2786 833 2854 έξ
859 2783 986 2844 ἁπάντων

186 2875 318 2948 σωθῆναι,
333 2876 414 2951 πέριξ
432 2877 481 2936 τόν
498 2875 643 2952 ἄνθρωπον
661 2879 761 2934 τοῦτον
778 2872 926 2948 λαβούσας
941 2874 986 2930 καὶ

186 2961 333 3026 κεντεύσας
346 2969 413 3040 τῇσι
433 2963 570 3042 περόνῃσι
585 2967 640 3022 τῶν
655 2963 776 3039 ἱματίων,
792 2964 906 3038 εἰρωτᾶν
926 2959 986 3018 ἑκά-

188 3075 259 3127 στην
274 3050 376 3111 αὐτέων
390 3052 441 3127 ὅκη
456 3053 497 3127 εἴη
510 3051 526 3110 ό
541 3054 641 3126 ἑωυτῆς
655 3050 742 3126 άνῆρ;
765 3051 811 3108 καί
823 3053 922 3110 τοῦτον
935 3051 987 3124 μὲν

188 3138 257 3198 οὕτω
280 3139 478 3216 διαφθαρῆναι·
503 3137 679 3214 Ἀθηναίοισι
699 3138 728 3196 δὲ
750 3139 789 3197 ἔτι
810 3141 860 3198 τοῦ
884 3137 987 3199 πάθεος

187 3226 339 3303 δεινότερόν
361 3253 388 3285 τι
409 3226 486 3296 δόξαι
511 3226 579 3286 εἰναι
603 3226 635 3286 τό
659 3230 714 3288 τῶν
736 3231 872 3308 γυναικῶν
896 3225 986 3305 ἔργον·

186 3313 265 3392 ἄλλῳ
283 3316 334 3390 μέν
353 3315 387 3389 δη
408 3314 456 3373 οὐκ
476 3317 548 3394 ἔχειν
564 3314 632 3395 ὅτεῳ
651 3315 813 3391 ζημιώσωσι
831 3314 880 3378 τάς
893 3317 987 3392 γυναῖ-
