2276 3538
198 141 243 186 ιιι
504 137 686 186 ἀνοιοτου
919 139 995 204 [vn.

195 216 323 298 γνώμῃσι
343 216 490 295 τοιαύτῃσι
512 217 617 278 ἄλλους
639 216 823 292 συμβούλους
844 217 920 296 εἶχον
940 247 996 280 τοι·

196 304 299 374 ούτους,
315 303 364 363 σύκ
379 303 412 364 άν
427 331 490 364 κοτε
505 305 572 367 εἶδες
585 303 656 362 αύτά
673 310 699 366 ές
712 309 795 364 τοῦτο
810 307 995 381 προελθόντα·

196 398 244 453 νῦν
257 394 286 452 δὲ
300 393 438 456 κινδύνους
452 393 678 471 ἀναρριπτέοντες
693 398 720 454 ές
732 393 816 452 τοῦτό
833 401 910 469 σφεα
928 422 996 471 προ·

194 483 347 564 ηγόγοντο·
374 482 486 562 μεγάλα
510 481 563 562 γὰρ
589 480 741 561 πρήγματα
764 482 916 562 μεγάλοισι
942 510 995 543 κιν-

194 571 301 630 δύνοισι
325 571 413 630 ἐθέλει
436 571 639 646 καταιρέεσθαι·
662 569 740 645 ἡμεῖς
763 570 862 643 τοίνυν,
888 570 994 646 ὁμοιεύ-

193 661 415 735 μενοι,κει’νοισι,
431 658 502 734 ὥρην
516 663 610 717 τετοῦ
624 660 699 720 ἔτεος
718 659 875 733 καλλίστην
896 687 994 736 πορευ-

194 747 290 822 όμεθα,
314 747 359 804 καὶ
385 747 643 823 καταστρεψάμενοι
665 751 761 805 πᾶσαν
785 745 836 821 τήν
857 746 995 823 Εύράπην

193 835 371 910 νοστήσομεν
390 834 488 903 ὀπίσω,
504 833 568 893 οὔτε
589 839 662 913 λιμῷ
683 834 841 913 ἐντυχόντες
859 834 994 910 οὐδαμόθι

192 920 254 980 οὔτε
276 922 350 980 ἄλλο
376 921 460 1000 ἄχαρι
483 922 619 986 παθόντες
643 923 730 982 οὐδέν·
758 926 840 981 τοῦτο
864 925 915 998 μὲν
936 922 993 1002 γάρ

191 1008 269 1069 αύτοὶ
283 1009 396 1085 πολλὴν
410 1009 527 1088 φορβήν
541 1010 691 1087 φερόμενοι
704 1009 886 1087 πορευόμεθα·
907 1014 992 1070 τοῦτο

190 1098 227 1167 δὲ,
242 1104 296 1158 τῶν
311 1098 343 1158 άν
357 1125 406 1158 κου
426 1101 582 1175 ἐπιβέωμεν
595 1104 648 1180 γῆν
662 1100 708 1157 καὶ
722 1100 806 1169 ἔθνος,
821 1097 922 1159 τούτων
942 1098 991 1160 τόν

190 1191 271 1246 σῖτον
286 1189 393 1263 ἕξομεν·
415 1186 456 1246 ἔπ’
470 1187 607 1264 α’ροτῆρας
622 1187 710 1245 δὲκαὶ
725 1185 757 1245 ού
773 1187 892 1262 νομάδας
906 1214 989 1264 στρα-

141 1275 327 1353 51τευόμεθα
349 1275 473 1354 άνδρας.”
514 1277 598 1357 Λέγει
611 1275 786 1352 Ἀρτάβανος
804 1274 873 1351 μετά
892 1281 988 1335 ταῦτα·

189 1363 238 1422 “ὧ
253 1367 387 1440 βασιλεῦ,
404 1366 465 1422 ε’πεί
484 1391 514 1423 τε
535 1363 679 1440 ἀρρωδέειν
699 1361 778 1422 οὐδὲν
796 1368 843 1442 ε’ᾇς
862 1369 989 1446 πρῆγμα,

188 1451 225 1510 σύ
247 1453 278 1511 δέ
296 1479 349 1528 μευ
369 1452 549 1528 συμβουλίην
563 1453 591 1510 έν
606 1452 675 1520 ἐξαι·
698 1451 851 1532 α’ναγκαίως
883 1451 918 1529 §p
933 1453 989 1530 ἔχει

188 1541 251 1616 περὶ
278 1544 394 1598 πολλῶν
421 1539 590 1619 πρηγμάτων
613 1543 720 1598 πλεῦνα
745 1479 987 1624 ’λόγονςξβετεῖναα

188 1631 281 1702 Κῦρος
296 1627 311 1685 ό
323 1626 490 1702 Καμβύσεω
501 1625 606 1702 Ἰωνίην
619 1631 725 1696 πᾶσαν,
736 1626 812 1703 πλήν
825 1626 988 1703 Ἀθηναίων,

188 1717 396 1792 κατεστρέψατο
420 1714 603 1792 δασμοφόρον
623 1715 691 1774 εἶναι
710 1717 852 1794 Πέρσησι·
873 1716 987 1782 τούτους

188 1802 224 1862 ὦν
247 1802 312 1866 τούς
333 1803 434 1881 ἄνδρας
455 1804 644 1879 συμβουλεύω
666 1830 711 1862 τοι
730 1805 852 1884 μηδεμιῇ
873 1812 987 1884 μηχανῇ

185 1889 262 1972 ἄγειν
284 1892 329 1950 ἐπὶ
351 1890 414 1954 τούς
436 1892 565 1967 πατέρας·
588 1891 706 1972 καὶγὰρ
725 1890 913 1981 όηευτούτων
933 1893 986 1954 οἶοί

184 2006 215 2038 τε
236 1984 310 2058 εἰμὲν
329 1985 383 2040 τῶν
404 1982 510 2059 ε’χθρῶν
531 1982 728 2058 κατυπέρτεροι
741 1981 878 2060 γίνεσθαι·
900 1979 985 2062 ἢγάρ

185 2075 285 2145 σφεας,
298 2068 333 2146 ἢν
354 2071 477 2143 ἕπωνται,
495 2069 537 2128 δεῖ
551 2069 734 2132 ἀδικωτάτους
754 2069 881 2149 γίνεσθαι
903 2096 983 2128 κατα-

184 2157 384 2235 δουλουμένους
403 2157 455 2234 τήν
473 2157 655 2234 μητρόπολιν,
673 2155 692 2232 ἢ
713 2156 901 2219 δικαιοτάτους
919 2184 982 2217 συν-

184 2247 404 2324 ελευθεροῦντας.
443 2245 605 2305 α’δικιύτατοι
618 2246 670 2321 μέν
683 2271 731 2304 νυν
743 2244 890 2325 γινόμενοι,
907 2245 982 2306 οὐδὲν

184 2334 278 2410 κέρδος
290 2338 364 2414 μέγα
376 2333 445 2410 ήμῖν
458 2333 692 2409 προσβάλλουσι·
714 2332 882 2392 δικαιότατοι
895 2333 924 2391 δὲ
941 2361 982 2414 γι·

183 2420 300 2496 νόμενοι,
318 2421 374 2479 οἶοί
384 2445 415 2479 τε
428 2420 610 2494 δηλήσασθαι
622 2419 752 2500 μεγάλως
764 2419 816 2494 τήν
829 2419 885 2496 σήν
898 2447 982 2497 στραι

181 2506 243 2582 τιὴν
260 2509 390 2587 γίνονται
434 2511 461 2574 ές
477 2506 565 2583 θυμόν
583 2507 620 2566 ὧν
639 2508 731 2581 βαλεῦ
753 2508 799 2565 καὶ
811 2507 844 2567 τό
857 2509 980 2568 παλαιόν

183 2596 247 2655 ἔπος
260 2594 297 2655 ὦς
310 2593 339 2652 εὖ
353 2594 466 2670 εἴρηται,
476 2593 509 2652 τό
523 2593 563 2669 μή
577 2594 635 2670 ἅμα
648 2593 723 2672 α’ρχῇ
736 2598 792 2652 πᾶν
805 2596 887 2656 τέλος
900 2623 981 2655 κατα-

133 2685 172 2739 52
184 2680 360 2756 φαίνεσθαι.”
400 2680 564 2758 Ἀμείβεται
577 2681 646 2758 πρός
658 2685 746 2740 ταῦτα
756 2682 870 2757 Ξέρξης·
893 2690 910 2716 “
918 2681 980 2761 Ἀρ·

180 2768 295 2844 τάβανε,
322 2774 378 2829 τῶν
405 2769 551 2848 ἀπεφήναο
581 2769 710 2850 γνωμέων
737 2769 884 2844 σφάλλεαι
911 2775 980 2832 κατοῖ

180 2856 282 2934 ταύτην
300 2856 334 2934 δή
352 2857 487 2933 μάλιστα,
504 2857 534 2920 ὃς
550 2856 647 2919 Ἴωνας
668 2857 775 2932 φοβέαι
795 2856 835 2933 μὴ
856 2862 979 2934 μεταβά-

179 2951 262 3005 λωσι·
282 2950 337 3006 τῶν
358 2947 458 3024 έχσμεν
477 2952 574 3026 γνῶμα
589 2946 733 3026 μέγιστον,
747 2950 801 3006 τῶν
815 2946 852 3006 σύ
865 2973 896 3006 τε
909 2949 979 3024 μάρ-

179 3059 227 3097 τυς
247 3035 336 3115 γίνεαι
358 3034 403 3091 καὶ
425 3036 452 3091 οἱ
473 3032 749 3110 συστρατευσάμενοι
767 3035 874 3114 Δαρείῳ
895 3034 980 3094 ἄλλοι

180 3121 225 3179 ε’πὶ
239 3122 354 3194 Σκύθας,
372 3120 414 3180 ὅτι
428 3122 473 3178 ἐπὶ
487 3120 611 3180 τούτοισι
624 3121 642 3196 ή
656 3126 737 3181 πᾶσα
751 3123 879 3198 Περσική
894 3148 978 3196 στρα-

177 3209 224 3283 τιή
237 3211 352 3290 ἐγένετο,
363 3209 523 3285 διαφθεῖραι
538 3211 584 3267 καὶ
597 3215 788 3286 περιποιῆσαι·
811 3215 837 3269 οἱ
851 3211 880 3268 δὲ
894 3210 976 3266 δικαι-

179 3295 282 3372 οσύνην
306 3297 351 3355 καὶ
374 3295 532 3372 πιστότητα
556 3298 695 3366 ἐνέδωκαν,
720 3298 804 3374 ἄχαρι
832 3298 861 3354 δὲ
888 3294 976 3354 οὐδέν·
