2276 3538
176 185 282 247 11-13]
490 184 675 232 ποιτυιιιι.
928 185 974 236 127

176 263 322 339 ἀδελφεός·
346 263 429 324 τοῦτό
451 289 486 324 σε
507 263 622 340 ῥύσεται
639 253 752 340 μηδένά
766 261 845 334 ἄξιον
867 263 972 340 μισθόν

175 353 278 427 λαβεῖν
297 353 382 412 ἐπέων
402 351 535 429 ματαίων·
558 351 606 410 καί
616 377 660 410 τοι
672 351 775 427 ταύτην
790 351 842 426 τὴν
861 350 973 427 άτιμίην

175 441 348 516 προστίθημι
369 440 441 500 ἐόντι
458 445 531 518 κακῷ
543 465 574 498 τε
588 441 634 498 καὶ
647 438 752 516 ἀθύμῳ,
766 439 836 514 μήτε
850 465 972 515 συστρα-

174 527 304 588 τεύεσθαι
323 530 387 604 ἐμοί
404 555 437 609 γε
459 528 504 586 ἐπὶ
523 526 576 602 τὴν
588 526 715 585 Ἑλλάδα
736 526 820 585 αὐτοῦ
835 552 865 585 τε
881 528 972 602 μένειν

175 614 233 692 ἅμα
246 621 314 694 τῇσι
327 617 444 697 γυναιξί·
471 615 520 696 ’γιδ
533 617 563 674 δέ
577 616 623 674 καὶ
636 614 700 675 ἄνευ
713 615 764 674 σέο
778 613 886 690 ὅσαπερ
907 614 972 672 εἶπα

175 705 304 762 ἐπιτελέα
330 703 452 778 ποιήσω·
487 704 527 780 μὴ
552 703 606 785 γάρ
634 705 692 779 εἴην
719 707 749 761 ἐκ
777 703 896 779 Δαρείου
922 705 972 761 τοῦ

175 791 359 861 Ὑστάσπεος,
381 796 431 851 τοῦ
454 791 620 869 Ἀρσάμεος,
639 795 690 850 τοῦ
706 790 904 868 Ἀριαράμνεω,
922 794 972 849 τοῦ

175 881 317 950 Τεΐσπεος,
331 885 380 939 τοῦ
395 879 498 957 Κύρου,
512 885 563 940 τοῦ
577 879 750 956 Καμβύσεω,
763 883 814 938 τοῦ
828 879 971 948 Τεΐσπεος,

175 973 224 1026 τοῦ
241 969 421 1046 Ἀχαιμένεος
441 968 568 1049 γεγονῶς,
589 968 629 1045 μὴ
650 967 876 1045 τιμωρησάμενος
889 967 971 1042 Ἀθη·

176 1057 275 1118 ναίους·
298 1056 326 1115 εὖ
341 1057 531 1132 ἐπιστάμενος,
543 1057 586 1116 ὅτι
600 1061 623 1115 εἰ
635 1055 715 1132 ἡμεῖς
727 1055 847 1134 ἡσυχίην
861 1055 971 1130 ἄξομεν,

176 1141 241 1200 ἀλλ’
256 1143 304 1202 ούκ
322 1149 419 1204 ἐκεῖνοι
437 1144 513 1203 άλλά
531 1147 576 1203 καὶ
592 1144 671 1220 μάλα
689 1143 907 1221 στρατεύσονται
927 1144 972 1202 ἐπὶ

176 1229 228 1304 πὴν
240 1231 382 1308 ἡμετέρην,
398 1238 422 1292 εἰ
434 1231 490 1312 χρὴ
504 1231 729 1307 σταθμώσασθαι
742 1235 818 1289 τοῖσι
831 1231 972 1311 ύπαργμέ-

177 1343 252 1376 νοισι
266 1320 296 1387 ἐξ
306 1322 422 1380 ἐκείνων·
443 1320 470 1379 οἳ
484 1320 583 1397 Σάρδις
593 1345 623 1378 τε
634 1320 790 1396 ἐνέπρησαν
802 1319 847 1376 καὶ
860 1317 972 1393 ἤλασαν

178 1411 205 1468 ἐς
217 1407 268 1482 τὴν
280 1407 388 1484 Ἀσίην.
432 1407 518 1468 οὔκων
532 1407 726 1486 ἐξαναχωρέειν
740 1405 909 1482 οὐδετέροισι
929 1406 971 1464 δυ-

177 1499 263 1558 νατῶς
276 1498 341 1575 ἔχει,
356 1497 431 1555 οἶλλαὶ
445 1497 548 1555 ποιέειν
560 1495 578 1572 ἢ
592 1496 704 1554 παθέειν
724 1495 870 1571 προκέεται
888 1493 971 1575 α’γιύν·

178 1584 222 1642 ἵνα
234 1582 252 1659 ἢ
266 1585 331 1643 τάδε
343 1584 435 1643 πάντα
448 1583 502 1643 ύπό
518 1583 654 1659 Ἕλλησι,
668 1581 686 1659 ἦ
701 1587 790 1643 ἐκεῖνα
810 1582 901 1643 πάντα
916 1582 971 1642 ύπό

177 1673 307 1750 Πέρσῃσι
328 1674 450 1750 γένηται·
471 1672 503 1731 τό
525 1673 579 1753 γάρ
598 1673 688 1748 μέσον
706 1670 784 1730 ούδέν
804 1674 855 1747 τῆς
873 1673 972 1751 ἔχθρης

177 1760 246 1818 ἐστί·
269 1759 356 1818 καλόν
370 1757 406 1819 ὦν
419 1760 647 1836 προπεπονθότας
660 1760 747 1837 ἡμέας
760 1761 902 1836 τιμωρέειν
920 1761 972 1836 ἤδη

176 1849 288 1926 γίνεται,
303 1848 348 1907 ἵνα
362 1848 453 1906 καὶτὸ
467 1848 554 1908 δεινόν
572 1848 605 1908 τό
625 1850 759 1924 πείσομαι
777 1852 860 1907 τοῦτο
881 1848 969 1924 μάθω,

177 1934 283 1998 ἐλάσας
301 1934 343 1993 ἐπ’
364 1934 464 2012 ἄνδρας
484 1936 605 2006 τούτους,
626 1936 690 1999 τούς
710 1962 744 2017 γε
766 1937 812 1994 καὶ
831 1937 935 2014 Πέλοψ
955 1937 970 1996 ὁ

176 2022 259 2098 Φρύξ,
273 2022 323 2083 ἐών
343 2025 468 2100 πατέρων
481 2027 535 2083 τῶν
549 2030 621 2101 ἐμῶν
641 2025 748 2093 δοῦλος,
764 2026 972 2101 κατεστρέψατο

177 2110 254 2180 οὕτω,
271 2111 306 2174 ιύς
328 2112 373 2169 καὶ
391 2117 418 2175 ἐς
437 2112 501 2171 τόδε
521 2111 602 2171 αύτοί
619 2139 650 2171 τε
670 2112 812 2188 ὥνθρωποι
833 2113 878 2169 καὶ
898 2113 916 2186 ἡ
935 2117 973 2192 γῆ

176 2197 265 2260 αύτῶν
278 2200 414 2275 ἐπώνυμοι
427 2205 476 2259 τοῦ
491 2200 754 2277 καταστρεψαμένου
769 2199 939 2257 καλέονται.”

215 2291 308 2346 Ταῦτα
321 2290 373 2363 μὲν
387 2289 432 2346 ἐπὶ
444 2293 566 2348 τοσοῦτο
581 2289 702 2367 ἐλέγετο
716 2286 786 2362 μετά
798 2287 835 2357 δέ,
851 2286 972 2364 εὐφρόνη
984 2291 1019 2348 12

175 2399 206 2434 τε
224 2376 328 2456 ἐγίνετο
348 2377 393 2434 καὶ
411 2377 516 2453 Ξέρξεα
534 2378 620 2448 ἔκνιζε
635 2376 653 2452 ἡ
671 2375 848 2452 Ἀρταβάνου
866 2377 971 2458 γνιύμη·

175 2465 250 2523 νυκτὶ
264 2464 293 2522 δὲ
305 2464 417 2540 βουλὴν
430 2464 527 2534 διδούς,
538 2464 634 2546 πάγχυ
647 2464 758 2542 εὕρισκέ
771 2468 797 2524 οἶ
811 2464 842 2524 ού
852 2470 973 2545 πρῆγμα

176 2551 244 2610 εἶναι
257 2553 460 2630 στρατεύεσθαι
474 2555 519 2612 ἐπὶ
532 2554 584 2629 τὴν
600 2553 736 2611 Ἑλλάδα·
757 2554 927 2635 δεδογμένων
944 2556 975 2614 δέ

175 2644 202 2698 οῖ
215 2639 291 2703 αὖτις
304 2641 416 2709 τούτων,
436 2642 607 2701 κατύπνωσε·
630 2642 675 2700 καὶ
694 2642 728 2717 δή
742 2669 791 2701 κου
806 2648 834 2702 ἐν
847 2647 883 2722 τῇ
896 2645 973 2702 νυκτὶ

175 2728 228 2786 εἶδε
238 2727 304 2806 όψιν
317 2729 433 2805 τοιήνδε,
449 2729 484 2792 ὥς
497 2732 609 2811 λέγεται
622 2729 677 2789 ύπό
692 2732 834 2808 Περσέων·
856 2731 946 2790 ἐδόκεε
957 2732 973 2791 ὁ

174 2818 279 2894 Ξέρξης
305 2815 390 2893 ἄνδρα
414 2821 440 2876 οἱ
462 2818 613 2878 ἐπιστάντα
639 2819 729 2898 μέγαν
751 2845 782 2878 τε
805 2819 851 2878 καὶ
872 2819 974 2878 εὐειδέα

176 2909 270 2965 εἰπεῖν·
296 2917 313 2942 “
321 2905 392 2982 μετά
410 2906 443 2981 δὴ
462 2907 620 2982 βουλεύεαι,
639 2906 660 2964 ὦ
681 2909 789 2984 Πέρσα,
810 2907 970 2983 στράτευμα

174 2991 215 3071 μὴ
229 2993 306 3076 άγειν
320 2995 365 3052 ἐπὶ
378 2993 429 3069 τὴν
442 2993 578 3063 Ἑλλάδα,
592 2995 726 3071 προείπας
740 2995 845 3065 άλίζειν
859 2995 974 3070 Πέρσας

175 3082 309 3157 στρατόν;
346 3081 408 3140 αι’τε
437 3082 473 3140 ὧν
498 3082 773 3159 μεταβουλευόμενος
805 3082 907 3143 ποιέεις
935 3079 973 3151 εὖ,

175 3169 239 3230 οὕτε
263 3169 278 3228 ὁ
299 3169 531 3249 συγγνωσόμενός
550 3195 594 3229 τοι
614 3169 699 3246 πάρα·
721 3169 794 3238 ἀλλ’,
810 3168 904 3244 ὥσπερ
925 3174 975 3243 τῆς

175 3255 278 3334 ἡμέρης
300 3256 476 3332 ἐβουλεύσαο
496 3258 606 3331 ποιέειν,
628 3258 730 3331 ταύτην
749 3258 788 3316 ἴθι
806 3259 860 3315 τῶν
879 3255 973 3314 όδῶν.”

176 3344 299 3421 Τδνμέν,
308 3347 396 3402 ταῦτα
406 3345 529 3414 εἴπαντα,
541 3345 632 3404 ἐδόκεε
642 3345 657 3403 ὁ
668 3345 773 3419 Ξέρξης
783 3343 973 3401 ἀποπτάσθαι·
986 3347 1022 3401 13

1082 3429 1128 3500 Δ
