2276 3538
139 143 248 209 ιι-ιο]
461 147 646 194 nomm.
897 150 942 196 ιιι

138 230 230 285 λυσον
251 227 302 300 τῆς
322 225 474 301 στρατηίης
494 224 543 283 τόν
564 224 770 301 πρεσβύτατον,
795 226 840 286 ἶνα
860 225 944 286 αὐτοῦ

137 341 169 373 τε
191 319 256 390 ἐμεῦ
279 313 324 372 καὶ
346 317 399 373 τῶν
420 312 570 391 χρημάτων
592 311 611 390 ᾖ
633 313 798 388 μελεδωνός·
826 314 890 377 τοὺς
915 316 944 374 δὲ

137 403 276 478 τέσσερας
296 401 362 481 όγευ
385 400 443 476 ἅμα
464 406 582 479 σεωυτῷ·
606 403 652 460 καὶ
674 401 780 476 πρήξας
802 403 837 461 τοὶ
859 406 943 466 νοέεις

138 489 307 565 νοστήσειας
328 489 444 548 όπίσω.”
487 489 587 565 Κόρτα
603 516 633 548 τε
653 487 780 564 ἐθυμώθη
795 489 810 548 ό
828 492 939 566 Ξέρξης,
951 500 987 556 39

139 581 185 637 καὶ
199 578 333 654 ἀμείβετο
349 577 455 637 τοῖσδε·
478 577 525 635 “ὦ
539 581 605 636 κακέ
620 576 753 654 ἄνθρωπε,
763 577 806 654 Ισύ
826 578 942 653 ἐτόλμη-

137 693 200 736 σας,
216 671 281 742 ἐμεΰ
296 669 518 742 στρατευομένου
532 665 617 725 αότοῦ
633 667 678 724 ἐπὶ
693 665 745 740 τήν
755 665 882 724 Ἑλλάδα
896 668 942 725 καὶ

137 754 255 834 ἄγοντος
269 755 368 816 παῖδας
383 754 465 830 ἐμοός
476 755 522 812 καὶ
536 753 690 829 ἀδελφεοδς
703 754 748 811 καὶ
764 754 881 828 οἰκηίους
895 756 941 813 καὶ

137 843 248 918 φίλους,
263 841 429 918 μνήσασθαι
449 843 513 918 περὶ
529 843 580 901 σέο
594 841 701 904 παιδός·
724 840 775 901 εἰδν
798 841 863 918 ἐμός
880 843 940 902 δοῦ-

137 935 195 1000 λος,
212 931 261 990 τόν
283 935 356 1009 χρῆν
377 932 506 1009 πανοικίῃ
531 930 600 1008 αὐτῇ
621 931 730 1011 γυναικὶ
750 931 937 1001 συνέπεσθαι,

138 1017 167 1076 εὖ
181 1023 229 1078 νῦν
242 1018 298 1078 τόδ’
313 1019 491 1088 ἐξεπίστασο,
507 1019 542 1082 οἷς
555 1025 584 1078 ἐν
596 1024 673 1078 τοῖσι
688 1017 740 1077 ὠσὶ
761 1023 815 1078 τῶν
836 1018 939 1097 ἅνθρω-

229 1107 321 1130 ’l‘
600 1105 760 1129 xxi!

136 1133 195 1164 πων
209 1133 291 1164 οικεει
306 1134 321 1166 ο
337 1107 431 1183 θυμός·
454 1105 484 1169 ός
497 1133 609 1185 χρηστα
627 1133 678 1182 μεν
693 1132 814 1168 ακουσας
828 1108 940 1184 τέρψιος

137 1196 285 1271 ἐμπιπλέει
300 1194 333 1254 τό
355 1199 446 1272 σῶμα,
461 1195 609 1254 όπεναντία
630 1195 659 1253 δέ
676 1194 802 1253 τούτοισι
816 1194 939 1259 οἰκούσας

136 1281 262 1341 ἀνοιδέει·
284 1282 332 1343 ὅτε
347 1284 400 1359 μέν
421 1310 469 1342 νυν
489 1284 601 1361 χρηστό
614 1281 736 1356 ποιήσας
753 1283 832 1359 ἕτερα
848 1289 938 1342 τοιαῦ-

135 1397 171 1428 τα
192 1373 376 1452 ἐπηγγέλλεο,
392 1371 569 1452 εὐεργεσίῃσι
582 1371 709 1446 βασιλέα
731 1369 763 1428 οὔ
784 1371 938 1448 καυχήσεαι

135 1458 360 1534 ὑπερβαλέσθαι·
383 1460 444 1517 ἐπεί
455 1485 485 1517 τε
500 1459 529 1517 δέ
546 1465 572 1520 ἐς
589 1459 621 1518 τό
644 1457 839 1536 ἀναιδέστερον
861 1460 938 1536 ἐτρό-

135 1572 195 1615 πευ,
206 1547 257 1621 τήν
270 1549 322 1622 μὲν
333 1546 412 1623 ἀξίην
426 1545 457 1605 οὗ
470 1547 604 1625 λάμψεαι,
617 1546 732 1606 ἐλόσσω
747 1547 776 1605 δέ
789 1551 838 1622 τῆς
851 1546 937 1624 α’ξίης·

135 1637 170 1692 σέ
183 1637 234 1710 μὲν
248 1635 302 1716 γοῖρ
314 1634 362 1692 καὶ
375 1635 439 1697 τούς
452 1636 589 1711 τέσσερας
602 1641 657 1694 τῶν
670 1637 774 1694 παίδων
787 1635 882 1712 ῥύεται
902 1637 938 1696 τοὶ

333 1721 402 1746 «τι
476 1727 488 1742 Α
574 1725 582 1746 Ι

136 1723 230 1791 ξείνια·
251 1723 344 1782 τοῦδε
358 1749 425 1792 ενος,
440 1749 489 1782 του
502 1750 642 1802 περιεχεαι
656 1725 791 1801 μάλιστα,
807 1729 842 1802 τῇ
859 1730 937 1804 ψυχῇ

135 1810 314 1886 ζημιώσεαι,”
334 1829 336 1837 ⁴
357 1811 392 1874 οἷς
412 1811 545 1870 δὲταῦτα
565 1812 738 1889 ὖπεκρίνατο,
762 1811 859 1872 αὐτίκα
881 1816 936 1872 ἐκέ-

134 1903 199 1957 λευε
217 1904 294 1958 τοῖσι
312 1901 518 1976 προσετέτακτο
536 1907 623 1960 ταῦτα
644 1901 791 1977 πρήσσειν,
811 1905 865 1960 τῶν
878 1908 936 1960 Πυ-

135 1987 196 2044 θίου
210 1989 315 2046 παίδων
330 1988 489 2063 ἐξευρόντας
503 1988 553 2047 τόν
566 1989 764 2065 πρεσβύτατον
776 1991 865 2065 μέσον
879 1990 935 2047 δια-

134 2079 241 2150 ταμεῖν·
264 2074 447 2151 διαταμόντας
460 2076 490 2134 δέ
502 2076 537 2134 τό
550 2076 676 2152 ήμίτομα
689 2078 830 2145 διαθεῖναι,
838 2075 872 2134 τό
884 2079 936 2152 μὲν

135 2163 180 2220 ἐπὶ
202 2163 277 2231 δεξιό
300 2167 349 2238 τῆς
369 2162 434 2224 όδοῦ
451 2164 484 2222 τό
506 2164 537 2222 δὲ
556 2164 598 2222 ἐπ’
618 2163 760 2240 α’ριστερό·
783 2163 828 2222 καὶ
849 2163 935 2241 ταύτῃ

135 2249 261 2318 διεξιέναι
282 2252 331 2311 τόν
351 2249 483 2328 στρατόν.

176 2340 361 2413 Ποιησάντων
375 2340 404 2398 δέ
417 2338 520 2399 τούτων
532 2342 624 2408 τοῦτο,
638 2339 710 2416 μετὰ
726 2342 813 2397 ταῦτα
834 2339 933 2415 διεξήιε
944 2344 983 2400 40

134 2423 150 2484 ό
172 2427 302 2503 στρατός·
327 2429 443 2509 ἡγέοντο
466 2428 495 2486 δέ
517 2432 622 2503 πρῶτοι
643 2428 695 2503 μὲν
717 2430 743 2485 οἱ
765 2428 934 2504 σκευοφόροι

132 2516 224 2572 τεκαὶ
237 2515 272 2573 τοὶ
286 2515 431 2596 ὑποζύγια·
452 2515 522 2591 μετα
544 2515 574 2572 δὲ
593 2515 709 2577 τούτους
728 2515 849 2592 στρατός
866 2544 934 2576 παν-

132 2603 214 2662 τοίων
228 2604 326 2663 ἐθνέων
340 2602 449 2680 ἀναμὶξ,
464 2601 496 2662 οὗ
510 2604 718 2680 διακεκριμένοι·
739 2607 775 2680 τῇ
789 2603 819 2662 δὲ
836 2603 934 2680 όπερη-

131 2691 229 2764 μίσεες
246 2691 328 2766 ἦσαν,
345 2693 462 2751 ἐνθαῦτα
483 2691 667 2749 διελέλειπτο·
689 2692 734 2749 καὶ
751 2691 783 2750 οὗ
800 2693 930 2768 συνέμισ-

132 2799 184 2858 γον
210 2777 286 2838 οὗτοι
309 2780 437 2856 βασιλέϊ.
479 2783 651 2858 προηγεῦντο
678 2783 729 2856 μὲν
756 2780 790 2856 δή
819 2781 933 2840 ἱππόται

130 2867 221 2944 χίλιοι
238 2872 268 2926 ἐκ
287 2869 420 2944 Περσέων
433 2867 543 2927 πόντων
556 2865 786 2948 α’πολελεγμένοι·
808 2868 880 2945 μετὰ
894 2869 931 2941 δέ,

132 2955 305 3032 αἶχμοφόροι
321 2957 418 3034 χίλιοι,
433 2957 478 3014 καὶ
500 2953 576 3014 οὗτοι
597 2960 626 3013 ἐκ
647 2955 757 3016 πόντων
778 2955 932 3035 ἀπολελεγι

130 3041 218 3116 μένοι,
233 3043 283 3105 τοὶς
296 3043 404 3123 λόγχας
417 3043 490 3103 κόπω
504 3049 531 3106 ἐς
544 3043 596 3118 τήν
609 3049 663 3123 γῆν
680 3045 839 3122 τρέψαντες·
861 3043 933 3118 μετὰ

131 3128 169 3198 δέ,
185 3131 240 3206 ἱροὶ
254 3135 371 3190 Νισαῖοι
385 3131 548 3207 καλεόμενοι
570 3132 650 3190 ἵπποι
670 3132 742 3199 δέκα,
759 3125 932 3206 κεκοσμημέ-

132 3243 174 3277 νοι
191 3218 226 3282 ὦς
243 3215 395 3278 καλλιστα.
437 3224 554 3278 Νισαῖοι
572 3219 601 3277 δὲ
618 3220 764 3278 καλέονται
786 3218 866 3276 ἵπποι
887 3217 933 3276 ἐπὶ

131 3306 220 3364 τοῦδε·
249 3309 309 3364 ἐστι
331 3306 426 3368 πεδίον
447 3308 520 3387 μέγα
542 3312 593 3381 τῆς
616 3307 744 3382 Μηδικῆς
767 3309 805 3384 τῷ
826 3304 931 3382 οὕνομό
