2268 3536
163 229 272 293 20-23]
471 229 673 278 ΤΕΡΨῙΧΟΡΗ,
949 231 964 277 9

163 308 263 368 αὐτῶν·
278 308 370 368 εἵπετο
381 309 436 390 γάρ
447 308 481 385 δή
491 315 548 386 σφι
561 310 607 368 καὶ
620 309 758 388 ὀχήματα,
774 308 819 368 καὶ
833 305 966 386 θεράπον-

162 422 209 459 τες
224 398 271 456 καὶ
288 397 307 473 ἡ
320 402 402 456 πᾶσα
417 397 514 473 πολλὴ
530 397 705 476 παρασκευή·
726 396 817 456 πάντα
830 395 865 473 δὴ
877 401 966 456 ταῦτα

163 483 223 561 ἅμα
242 489 315 546 πᾶσι
336 487 454 546 κείνοισι
475 485 627 562 ἠφάνιστο.
671 485 743 563 μετά
764 485 802 554 δὲ,
822 485 912 564 χρόνῳ
934 482 966 544 ού

163 578 263 653 πολλῷ
275 573 402 652 ὕστερον,
417 577 534 652 ζήτησις
550 580 604 635 τῶν
619 575 724 652 ἀνδρῶν
737 573 841 633 τούτων
854 572 976 653 μεγάλη

164 667 194 721 ἐκ
203 667 259 724 τῶν
267 665 401 740 Περσέων
412 665 527 746 ἐγίνετο·
541 665 590 723 καί
597 670 689 740 σφεας
698 661 881 738 Ἀλέξανδρος
889 662 966 720 κατέ-

162 754 239 828 λαβε
252 753 352 831 σοφίῃ,
366 752 498 832 χρήματά
510 779 541 813 τε
554 751 618 815 δούς
631 751 727 811 πολλά
742 751 787 809 καὶ
800 749 852 826 τὴν
866 753 966 810 ἑωυτοῦ

163 839 312 916 ἀδελφεὴν,
335 845 370 920 τῇ
398 840 503 918 ούνομα
526 839 561 918 ἧν
588 841 704 921 Γυγαίη
734 837 798 901 δούς
825 839 855 898 δὲ
878 841 966 897 ταῦτα

163 929 305 1006 κατέλαβε
319 927 335 988 ό
348 929 532 1007 Ἀλέξανδρος
542 929 686 1008 Βουβάρῃ,
697 927 776 1006 οἷνδρὶ
788 927 897 1006 Πέρσῃ,
911 929 967 985 τῶν

163 1015 312 1093 διζημένων
330 1018 394 1082 τούς
410 1017 603 1095 ἀπολομένους
618 1021 673 1078 τῶν
687 1020 861 1097 στρατηγῶν.
885 1015 966 1091 ὁμέν

163 1129 211 1163 νυν
219 1110 275 1166 τῶν
284 1107 419 1184 Περσέων
428 1106 532 1167 τούτων
543 1105 661 1169 θάνατος
671 1106 741 1165 οὕτω
753 1104 967 1181 καταλαμφθεὶς

166 1192 293 1270 ἐσιγήθη.

680 1280 780 1301 ὶθὶ

201 1277 345 1356 Ἕλληνας
366 1281 395 1339 δὲ
416 1281 485 1340 εἶναι
507 1282 622 1344 τούτους
638 1308 704 1344 τους
723 1307 781 1340 οπο
806 1280 965 1357 Περδίκκεω
976 1281 1013 1337 22

165 1366 324 1446 γεγονότας,
345 1367 467 1445 κατάπερ
491 1368 569 1427 αὐτοὶ
593 1370 719 1449 λέγουσι,
741 1367 823 1430 αύτός
842 1393 873 1426 τε
894 1366 964 1426 οὕτω

164 1453 293 1535 τυγχάνω
313 1455 498 1533 ἐπιστάμενος
518 1456 576 1534 (καὶ
596 1455 630 1530 δή
653 1457 698 1515 καὶ
719 1461 748 1515 ἐν
768 1459 845 1514 τοῖσι
863 1453 966 1514 ὄπισθε

164 1543 280 1624 λόγοισι
301 1545 426 1614 α’ποδέξω
442 1543 476 1608 ὥς
493 1549 548 1603 εἶσι
560 1544 719 1626 Ἕλληνες),
736 1542 806 1620 πρός
821 1543 859 1616 δὲ,
874 1543 920 1600 καὶ
939 1547 965 1602 οἱ

163 1631 211 1691 τόν
233 1638 261 1690 ε’ν
281 1633 425 1711 Ὀλυμπίῃ
446 1633 585 1696 διέποντες
605 1632 699 1714 άγῶνα
721 1631 868 1708 Ἑλλήνων
893 1631 964 1692 οὕτω

151 1761 153 1766 .
164 1721 286 1799 ἔγνωσαν
300 1722 378 1781 εἶναι.
408 1721 594 1800 Ἀλεξάνδρου
607 1722 661 1802 γοῖρ
675 1720 817 1790 ἀεθλεύειν
828 1723 963 1797 ἑλομένου

164 1809 209 1866 καὶ
229 1811 403 1886 καταβάντος
424 1809 466 1870 ἐπ’
486 1811 554 1870 αύτό
574 1816 666 1880 τοῦτο,
688 1814 715 1870 οἱ
735 1809 964 1886 ἀντιθευσόμενοι

163 1895 306 1974 Ἑλλήνων
319 1899 442 1980 ἐξεῖργόν
458 1925 515 1976 μιν,
530 1899 651 1976 φάμενοι
668 1899 699 1958 ού
715 1896 872 1975 βαρβάρων
893 1895 964 1978 οἷγω-

163 1986 277 2044 νιστέων
285 1986 354 2046 εἶναι
361 1987 412 2046 τόν
420 1986 521 2068 οἶγῶνα,
530 1987 607 2046 α’λλά
614 1986 769 2061 Ἑλλήνων·
779 1985 965 2061 Ἀλέξανδρος

163 2071 193 2130 δὲ
208 2073 301 2149 ἐπειδη
318 2074 373 2132 α’πέ
390 2075 433 2144 εξε
454 2073 489 2136 ὦς
510 2077 551 2150 εἴη
571 2074 706 2155 Ἀργεῖος,
726 2075 821 2150 ἐκρίθη
842 2098 873 2133 τε
895 2073 965 2132 εἶναι

158 2157 269 2236 Ἕλλην
293 2163 338 2220 καὶ
364 2161 563 2242 ἀγωνιζόμενος
585 2163 701 2222 στάδιον
721 2162 906 2230 συνεξέπιπτε
926 2163 966 2239 τῷ

163 2248 270 2328 πρότῳ.

202 2342 295 2397 Ταῦτα
307 2338 359 2415 μέν
375 2365 423 2398 νυν
439 2338 511 2397 οὕτω
527 2364 562 2414 κη
578 2339 696 2418 ἐγένετο.
738 2335 915 2416 Μεγάβαζος
935 2336 964 2395 δὲ
974 2340 1011 2395 23

162 2424 236 2505 άγων
256 2425 319 2489 τούς
339 2426 465 2488 Παίονας
481 2425 596 2485 ἀπίκετο
616 2426 661 2484 ε’πὶ
676 2425 725 2486 τόν
738 2424 964 2500 Ἑλλήσποντον·

162 2515 287 2574 ἐνθεῦτεν
310 2515 340 2574 δὲ
366 2515 573 2590 διαπεραιωθεὶς
593 2513 707 2574 α’πίκετο
729 2520 756 2578 ἐς
775 2513 885 2592 Σάρδις.
915 2514 964 2576 ἅτε

161 2602 191 2660 δὲ
204 2603 358 2682 τειχέοντος
370 2602 423 2679 ἤδη
436 2603 570 2662 Ἱστιαίου
588 2607 638 2663 τοῦ
655 2604 802 2680 Μιλησίου
818 2603 871 2679 τήν
887 2605 965 2680 παραὶ

162 2691 282 2768 Δαρείου
299 2691 417 2768 αἰτήσας
431 2693 510 2770 ἔτυχε
526 2692 637 2769 δωρεήν,
651 2691 757 2768 μισθόν
772 2696 902 2769 φυλακῆς
914 2697 965 2768 τῆς

160 2780 284 2858 σχεδίης,
298 2781 391 2844 ε’όντος
405 2781 434 2842 δὲ
446 2784 496 2840 τοῦ
510 2780 602 2859 χοίρου
614 2781 715 2840 τούτου
728 2779 805 2858 παρά
816 2781 964 2858 Στρυμόνα

160 2869 296 2945 ποταμόν,
311 2868 361 2950 [τῷ
378 2867 483 2946 οὔνομά
499 2873 561 2928 ε’στι
577 2867 740 2951 Μύρκινος]
759 2869 857 2946 μαθών
874 2869 890 2929 ό
905 2875 963 2928 Με-

159 2957 286 3037 γάβαζος
306 2957 339 3017 τό
364 2957 528 3034 ποιεύμενον
549 2961 579 3015 ε’κ
603 2961 653 3016 τοῦ
672 2956 815 3031 Ἱστιαίου,
838 2957 874 3022 οἷς
893 2957 965 3033 ἦλθε

159 3044 283 3124 τάχιστα
303 3051 331 3108 ἐς
350 3046 400 3109 τάς
421 3045 522 3123 Σάρδις
541 3045 615 3126 άγων
637 3047 703 3110 τοὺς
725 3048 859 3115 Παίονας,
884 3046 963 3125 ἔλεγε

161 3135 270 3212 Δαρείῳ
281 3133 358 3193 τάδε·
380 3133 422 3193 “ὦ
435 3136 569 3210 βασιλεῦ,
585 3134 661 3194 κοῖόν
674 3160 703 3194 τι
715 3139 813 3212 χρῆμα
827 3132 964 3206 ε’ποίησας

159 3220 369 3299 α’νδρὶἘλληνι
386 3222 463 3302 δεινῷ
478 3248 509 3281 τε
526 3223 572 3280 καὶ
590 3225 674 3300 σοφῷ
688 3222 752 3284 δούς
770 3219 964 3299 ἐγκτήσασθαι

159 3309 246 3370 πόλιν
272 3314 302 3370 έν
325 3311 445 3390 Θρηίκῃ;
475 3311 520 3370 ἶνα
541 3309 586 3384 ἴδη
608 3334 639 3367 τε
661 3304 875 3386 ναυπηγήσιμός
902 3310 964 3365 ε’στι

159 3397 286 3473 ἄφθονος
305 3399 350 3458 καὶ
366 3399 472 3458 πολλοὶ
489 3396 599 3463 κωπέες,
620 3395 666 3452 καὶ
683 3393 813 3476 μέταλλα
831 3390 962 3467 οἷργύρεα·
