2278 3538
166 142 275 207 83-37]
492 143 646 189 οννκυικ.
918 143 965 190 233

166 219 244 284 οὗτοι
270 219 394 299 ἐπέσχον
418 223 469 295 τῆς
495 219 624 290 Φωκίδος,
651 218 744 280 πάντα
771 218 966 296 ἐσιναμώρεον·

166 310 213 368 καὶ
232 308 288 387 γάρ
308 311 363 368 τῶν
383 309 537 368 Πανοπέων
559 307 611 383 τῆν
630 307 715 367 πόλιν
735 310 898 386 ἐνέπρησαν,
921 309 968 366 καὶ

166 397 304 478 Δαυλίων,
340 397 386 454 καὶ
420 396 580 456 Αἰολιδέων.
622 395 786 472 ἐπορεύοντο
820 397 849 455 δὲ
880 395 967 475 ταύτῃ

165 483 389 563 ἀποσχισθέντες
415 487 465 559 τῆς
491 483 583 560 ἄλλης
603 488 738 560 στρατιῆς
760 485 845 544 τῶνδε
869 485 967 554 εἵνεκα,

165 571 234 636 ὅκως
254 571 431 647 πλήσαντες
448 571 481 631 τὰ
504 571 563 648 ἶρὸν
579 571 612 632 τὰ
629 577 658 631 ἐν
677 576 830 647 Δελφοῖσι,
846 572 968 647 βασιλέι·

165 661 256 741 Ξέρξῃ
269 660 431 729 ἀποδέξαιεν
448 659 484 720 τά
497 659 638 738 χρήματα.
680 659 771 720 πάντα
789 660 812 720 δ’
826 660 967 737 ἠπίστατο

164 749 200 807 τά
221 755 251 808 ἐν
271 753 310 828 τῆ
332 751 380 826 ἱρῷ
396 746 452 812 ὅσα
470 747 559 828 λόγου
576 746 611 823 ἦν
629 747 693 819 ἀξια
715 748 828 826 Ξέρξης,
853 747 887 812 ῶς
911 747 965 828 ἐγιδ

164 837 346 912 πυνθάνομαι,
374 834 485 912 ἄμεινον
505 834 523 912 ἢ
543 836 579 896 τοὶ
599 842 629 896 ἐν
648 841 725 896 τοῖσι
746 839 859 896 οἰκίοισι
879 837 966 905 ἐλιπε,

164 928 281 990 πολλῶν
294 924 347 983 αἰεὶ
361 922 507 1003 λεγόντων,
522 925 568 982 καὶ
581 924 709 1000 μάλιστα
726 925 763 983 τά
777 927 903 1001 Κροίσου
915 928 966 983 τοῦ

164 1010 322 1072 Ἀλυάττεω
336 1009 508 1086 ἀναθήματα.
546 1016 582 1070 Οἱ
597 1014 708 1088 Δελφοὶ
722 1014 753 1071 δέ
765 1013 967 1089 πυνθανόμενοι
975 1015 1014 1072 36

165 1103 261 1169 ταῦτα,
288 1104 315 1162 ἐς
335 1103 432 1158 πᾶσαν
451 1098 588 1176 ἀρρωδίην
607 1096 736 1159 ἀπίκατο·
758 1105 787 1159 ἐν
808 1101 915 1176 δείματι
936 1101 966 1160 δὲ

165 1187 279 1268 μεγάλιρ
306 1191 497 1259 κατεστεῶτες,
526 1188 708 1265 ἐμαντεύοντο
731 1191 795 1265 περὶ
821 1192 875 1247 τῶν
892 1191 967 1265 ἀρῶν

165 1275 321 1353 χρημάτων,
350 1276 404 1334 εἶτε
432 1277 510 1350 σφέα.
538 1275 609 1334 κατά
634 1280 687 1357 γῆς
714 1276 886 1353 κατορύξωσι
914 1276 969 1335 εἴτε

166 1365 336 1438 ἐκκομίσωσι
353 1369 380 1425 ἐς
400 1362 493 1439 ἀλλην
514 1363 619 1442 χῶρην;
641 1364 657 1423 ὁ
679 1365 709 1424 δὲ
728 1364 790 1428 θεός
806 1371 898 1440 σφεας
916 1363 966 1424 ούκ

166 1451 197 1508 ἔα
211 1452 314 1524 κινέειν,
331 1452 388 1527 φάς
406 1449 489 1516 αύτάς
507 1451 600 1514 ἱκανὰς
621 1452 690 1511 εἶναι
709 1456 764 1512 τῶν
781 1456 882 1512 ἑωυτοῦ
898 1478 966 1530 προ-

166 1540 314 1614 κατῆσθαι.
356 1540 468 1614 Δελφοὶ
488 1539 525 1598 -δέ
550 1543 638 1599 ταῦτα
665 1539 841 1611 ἀκούσαντες,
870 1541 967 1616 σφέων

166 1625 254 1686 αὐτῶν
266 1629 329 1704 πέρι
343 1626 515 1704 ἐφρόντιζον.
556 1628 638 1688 τέκνα
651 1630 703 1706 μέν
716 1655 764 1689 νυν
778 1631 823 1688 καὶ
836 1632 968 1710 γυναῖκας

165 1715 252 1792 πέρην
267 1720 295 1779 ἐς
312 1715 363 1791 τῆν
383 1714 512 1794 Ἀχαιίην
528 1715 692 1796 διέπεμψαν·
714 1717 803 1778 αὐτῶν
823 1718 852 1777 δὲ
874 1720 968 1794 οἱμὲν

165 1806 295 1870 πλεῖστοι
309 1801 454 1879 ἀνέβησαν
468 1809 496 1866 ἐς
513 1809 563 1863 τοῦ
577 1810 752 1883 Παρνησσοῦ
766 1805 816 1870 τάς
833 1805 966 1882 κορυφάς,

165 1891 211 1948 καὶ
231 1896 259 1954 ἐς
278 1891 311 1950 τδ
333 1891 477 1968 Κωρύκιον
496 1890 597 1969 ἀντρον
617 1892 804 1968 ἀνηνείκαντο·
842 1897 870 1952 οἱ
890 1895 919 1952 δέ
940 1899 968 1956 ἐς

161 1972 331 2055 Ἄμφισσαν
343 1979 394 2054 τήν
407 1979 531 2056 Λοκριδα
544 1979 712 2055 ὑπεξῆλθον·
733 1981 833 2044 πάντες
847 1982 876 2040 δέ
890 1979 927 2040 ῶν
940 1985 967 2040 οἱ

165 2066 277 2141 Δελφοὶ
298 2067 425 2136 ἐξέλιπον
441 2067 493 2142 τήν
513 2067 605 2138 πόλιν,
620 2068 696 2143 πλῆν
716 2068 848 2144 ἐξήκοντα
862 2068 967 2145 ἀνδρῶν

165 2145 214 2211 καὶΙ
235 2158 285 2213 τοῦ
312 2153 471 2232 προφήτεω.
513 2156 592 2214 Ἐπεὶ
616 2155 646 2213 δὲ
672 2155 762 2236 ἀγχοῦ
787 2182 819 2215 τε
842 2154 916 2231 ἦσαν
941 2155 1012 2218 οἶδέ

164 2241 309 2318 βάρβαροι
323 2243 445 2306 ἐπιόντες
459 2244 505 2302 καὶ
521 2242 647 2320 ἀπιθρεον
666 2243 700 2304 τά
720 2244 787 2321 ἷρόν,
801 2249 831 2304 ἐν
849 2244 937 2325 τούτῳ
950 2244 967 2304 ὁ

163 2329 320 2406 προφήτης,
341 2333 379 2409 τῷ
400 2329 505 2406 οὕνομα
523 2329 559 2406 ἦν
578 2331 740 2409 Ἀκήρατος,
769 2331 821 2412 ὁρᾷ
841 2331 896 2408 πρό
916 2337 967 2392 τοῦ

164 2422 231 2493 νηοῦ
245 2418 321 2477 ὅπλα
333 2418 501 2495 προκείμενα
515 2420 618 2479 ἔσωθεν
632 2425 662 2478 ἐκ
675 2424 725 2480 τοῦ
738 2420 863 2502 μεγάρου
877 2421 966 2498 ἐξενη·

164 2505 294 2585 νειγμένα
308 2506 362 2584 ἶρά,
376 2510 431 2567 τῶν
444 2506 494 2565 ούκ
513 2506 593 2567 ὅσιον
609 2506 644 2582 ῆν
662 2506 801 2568 ἅπτεσθαι
816 2508 967 2587 ἀνθρώπων

164 2591 262 2652 ούδενί·
284 2592 365 2670 ὁμὲν
378 2593 412 2669 δῆ
424 2593 474 2669 ,ῆῖε
488 2599 610 2670 Δελφῶν
625 2601 702 2655 τοῖσι
719 2601 857 2674 παρεοῦσι
875 2624 966 2675 σημα-

164 2682 231 2740 νέων
242 2680 276 2740 τδ
290 2682 380 2758 τέρας·
402 2685 429 2742 οἶ
442 2682 471 2741 δέ
487 2681 633 2760 βάρβαροι
650 2685 744 2762 ἐπειδή
758 2687 881 2766 ἐγίνοντο
896 2692 966 2746 ἐπει-

164 2767 278 2846 γόμενοι
304 2769 375 2829 κατά
404 2770 437 2829 τὸ
469 2769 529 2847 ἱράν
559 2776 609 2846 τῆς
642 2774 783 2850 Προνηίης
809 2773 966 2850 Ἀθηναίης,

170 2857 318 2936 ἐπιγίνεταί
328 2865 385 2934 σφι
398 2859 479 2936 τέρεα
492 2859 532 2918 ἐτι
548 2861 651 2936 μέζονα
668 2865 720 2920 τοῦ
737 2863 803 2938 πρὶν
817 2863 966 2942 γενομένου

165 2945 265 3020 τέρεος·
287 2946 368 3023 θῶμα
382 2949 434 3023 μὲν
450 2946 504 3027 γὰρ
524 2948 570 3006 καὶ
587 2952 670 3008 τοῦτο
693 2949 781 3025 κάρτα
801 2951 871 3018 ἐστὶ,
891 2948 966 3008 ὅπλα

163 3031 247 3108 ἀρήϊα
263 3033 407 3111 αύτόματα
426 3039 549 3110 φανῆναι
568 3036 619 3104 ἐξω
637 3038 804 3113 προκείμενα
820 3040 870 3095 τοῦ
889 3041 966 3112 νηοΰ·

163 3119 198 3178 τά
219 3121 249 3180 δέ
271 3121 305 3196 δῆ
327 3122 373 3180 ἐπὶ
392 3122 480 3201 τούτῳ
507 3122 620 3200 δεύτερα
646 3123 828 3204 ἐπιγενόμενα
855 3124 901 3182 καὶ
922 3123 967 3184 διά

163 3207 273 3270 πάντων
297 3208 455 3284 φασμάτων
476 3209 540 3279 ἀξια
560 3210 707 3287 θωυμάσαι
727 3210 865 3285 μάλιστα.
908 3213 967 3272 ἐπεὶ

163 3293 218 3372 γάρ
232 3295 266 3370 δῆ
280 3294 355 3370 ἦσαν
369 3295 492 3360 ἐπιόντες
505 3301 532 3356 οἱ
544 3298 693 3374 βάρβαροι
706 3295 777 3358 κατὰ
796 3297 829 3358 τδ
845 3298 904 3376 ἶρὸν
917 3304 968 3376 τῆς
