2262 3534
173 167 222 217 ιοι
481 167 664 217 Ἠυοοουστ
872 174 877 180 ·
900 168 977 234 nx,

173 245 369 323 Ἀλεξάνδρου·
395 247 413 307 ὅ
432 247 461 306 δὲ
480 245 572 326 ποθι-(ρ
592 249 633 326 τῷ
658 245 737 326 λόγῳ
762 247 983 324 καταρρωδήσας

174 333 240 397 τοὺς
267 336 390 411 Πέρσας,
416 335 495 415 ἔλεγε
516 334 591 394 τάδε·
619 340 638 369 “
646 335 705 392 ἐπεὶ
727 335 819 394 τοίνυν
846 339 874 398 ές
896 335 981 412 ήῶἤ

174 423 313 499 συμβολή
327 424 441 504 γίνεται,
460 423 546 499 ὑμέας
565 425 617 498 μὲν
633 421 718 500 χρεόν
738 427 801 482 ἐστι
816 422 882 486 τοὺς
893 421 979 502 Ἀθη-

173 512 267 574 ’ναίους
280 515 381 587 στῆναι
395 511 465 571 κατά
477 511 542 573 τοὺς
553 512 676 587 Πέρσας,
686 509 774 586 ἡμέας
786 510 816 569 δέ
830 510 901 570 κατά
912 513 980 577 τοὺς

173 598 311 662 Βοιωτούς
323 625 354 658 τε
368 600 413 658 καὶ
427 599 491 662 τοὺς
505 598 565 658 κατ’
579 598 664 674 ὑμέας
677 599 861 680 τεταγμένους
873 598 977 676 Ἑλλή-

174 711 234 756 νων,
257 687 342 746 τοῖνδε
364 687 464 746 εἵνεκα·
497 686 575 762 ὑμεῖς
597 687 753 746 ἐπίστασθε
773 686 839 748 τούς
861 687 977 762 Μήδους

175 776 221 833 καὶ
242 775 294 850 τὴν
309 774 403 853 μάχην
425 773 523 847 αὑτοῖν,
547 780 575 834 έν
599 775 753 850 Μαραθῶνι
773 773 979 852 μαχεσάμενοι·

177 862 255 937 ήμεῖς
278 862 308 920 δὲ
329 860 442 938 ἄπειροί
459 863 492 922 τέ
515 865 589 938 εἶμεν
613 861 658 920 καὶ
680 861 776 923 οἷδαέες
795 861 899 920 τούτων
921 868 977 922 τῶν

124 979 128 992 ·
174 949 288 1025 ἀνδρῶν·
317 951 512 1027 Σπαρτιητέων
532 949 588 1030 γάρ
609 949 696 1012 οάδεῖς
722 951 885 1026 πεπείρηται
912 951 975 1026 Μή-

174 1037 239 1096 δων·
276 1036 357 1115 ἡμεῖς
383 1038 413 1096 δὲ
439 1042 567 1097 Βοιωτῶν
594 1038 640 1096 καὶ
667 1041 824 1097 Θεσσαλῶν
851 1038 980 1115 ἔμπειροί

173 1129 259 1202 εἶμεν,
299 1124 369 1184 ἀλλ’
378 1124 574 1202 ἀναλαβόντας
589 1124 625 1184 τά
642 1124 718 1184 ὅπλα
730 1124 814 1204 χρεόν
828 1130 889 1184 ε’στι
907 1127 978 1186 ίέναι

171 1211 261 1290 ὑμέας
280 1216 333 1290 μέν
352 1219 380 1277 ές
399 1213 463 1273 τάδε
484 1213 519 1272 τά
542 1214 631 1290 κέρας,
649 1213 736 1290 ἡμέας
757 1214 787 1272 δὲ
809 1218 836 1276 ἐς
857 1213 890 1273 τὺ
911 1213 975 1273 εὑά·

173 1300 283 1377 νυμον.”
323 1301 394 1378 πρδς
417 1302 446 1360 δὲ
468 1305 557 1360 ταῦτα
582 1301 661 1360 εἶπαν
685 1305 712 1360 οῖ
733 1299 877 1376 Ἀθηναῖοι
899 1302 977 1362 τάδε·

173 1397 191 1424 “
199 1389 245 1448 καὶ
259 1388 370 1449 αὑτοῖσι
382 1388 450 1466 ἡμῖν
466 1388 556 1448 πάλαι
574 1387 620 1447 εἶπ’
634 1388 730 1467 ἀρχῆς,
746 1390 808 1447 έπεί
822 1414 853 1448 τε
867 1388 978 1466 εἴδομεν

173 1475 232 1534 κατ’
264 1476 351 1553 ὑμέας
384 1478 577 1554 τασσομένους
609 1476 674 1538 τοὺς
708 1477 830 1552 Πέρσας,
859 1481 888 1536 έν
921 1477 979 1557 νόιρ

173 1564 282 1644 ε’γένετο
304 1567 390 1624 εἰπεῖν
410 1567 499 1624 ταῦτα
519 1565 609 1640 τάπερ
629 1563 706 1640 ὑμεῖς
727 1563 848 1638 φθάντες
869 1566 977 1640 προφέ-

173 1676 244 1728 ρετε·
278 1651 356 1711 άλλᾶ
382 1651 441 1732 γάρ
465 1651 637 1728 ἀρρωδέομεν
663 1651 704 1728 μή
730 1651 796 1727 ὑμῖν
822 1649 870 1710 οὑκ
897 1652 974 1726 ἡδέες

172 1739 302 1819 γένωνται
321 1742 348 1798 οῖ
366 1739 461 1819 λόγον
480 1741 539 1798 ἐπεὶ
560 1739 585 1798 δἱ
598 1739 634 1798 ὧν
650 1738 730 1798 αὑτοὶ
748 1738 913 1815 ἐμνήσθητε,
928 1741 973 1798 καὶ

172 1825 334 1902 ἡδομένοισι
346 1826 415 1904 ἡμῖν
429 1830 455 1885 οἱ
469 1827 552 1908 λόγοι
563 1827 707 1909 γεγόνασι,
723 1829 769 1886 καὶ
780 1829 888 1904 ἑτοῖμοί
899 1832 978 1904 εἰμεν

123 1914 162 1974 47
171 1914 274 1974 ποιέειν
294 1914 407 1975 ταῦτα.”
447 1914 496 1978 Ὡς
512 1916 534 1974 δ’
550 1916 652 1992 ήρεσκε
673 1915 862 1992 ἀμφοτέροισι
876 1919 976 1986 ταῦτα,

171 2001 226 2078 ήάς
238 2029 269 2063 τε
283 2003 407 2080 διέφαινε
420 2005 466 2063 καὶ
480 2003 691 2063 διαλλάσσοντο
703 2003 753 2064 τοὶς
763 2003 848 2072 τάξις·
862 2003 977 2083 γνόντες

167 2090 204 2150 δὲ
231 2095 257 2150 οί
279 2093 397 2152 Βοιωτοὶ
419 2092 451 2151 τά
476 2091 650 2167 ποιεύμενον,
675 2090 871 2170 ἐξαγορεύουσι
893 2096 976 2167 Μαρ-

172 2179 261 2260 δονίῳ·
282 2179 340 2240 ὁδ’
357 2180 419 2240 ε’πεί
436 2205 468 2240 τε
487 2179 600 2255 ἤκουσε,
622 2179 720 2238 αὐτίκα
741 2177 905 2254 μετιστάναι
927 2179 976 2238 καῖ

171 2266 253 2330 αὑτάς
280 2273 416 2345 ἐπειρᾶτο,
443 2265 576 2347 παράγων
595 2267 660 2330 τοὺς
680 2268 795 2343 Πέρσας
819 2265 890 2325 κατά
909 2266 975 2332 τοὺς

171 2356 416 2432 Λακεδαιμονίους.
455 2354 491 2418 οἷς
511 2353 540 2413 δὲ
561 2355 645 2431 ἔμαθε
665 2358 750 2414 τοῦτο
767 2357 879 2413 τοιοῦτο
898 2353 976 2434 γινό·

169 2468 254 2518 μενον
272 2442 289 2502 ά
307 2443 481 2517 Παυσανίης,
497 2443 580 2522 γνοὺς
601 2442 644 2501 ὅτι
666 2441 701 2502 οὑ
720 2440 862 2510 λανθάνει,
881 2440 976 2502 ὀπίσω
1005 2493 1007 2498 .

170 2526 222 2608 ἦγε
234 2529 298 2591 τοὺς
309 2528 485 2606 Σπαρτιήτας
499 2531 545 2587 ἐπὶ
554 2529 587 2589 τά
601 2529 690 2599 δεξιάν
701 2529 790 2606 κέρας·
806 2527 842 2592 οἷς
852 2527 875 2588 δ’
886 2528 972 2591 αὕτως

163 2616 217 2674 ’καὶ
230 2615 247 2674 ὁ
260 2615 418 2691 Μαρδόνιος
431 2618 476 2675 έπὶ
488 2621 538 2674 τοῦ
554 2616 696 2694 εὐωνύμου,

121 2706 165 2765 48¹
206 2701 285 2761 Ἐπεὶ
299 2702 328 2761 δὲ
339 2705 516 2778 κατέστησαν
530 2709 557 2765 ές
569 2703 619 2767 τάς
633 2704 750 2783 άρχαίας
759 2703 845 2773 τάξις,
854 2704 970 2782 πέμψας

170 2789 186 2850 ά
199 2790 356 2866 Μαρδόνιος
371 2791 476 2866 κήρυκα
490 2796 518 2854 ε’ς
529 2791 594 2854 τοὺς
613 2792 789 2868 Σπαρτιήτας
803 2793 882 2871 ἔλεγε
894 2791 971 2850 τάδε·

162 2877 218 2936 ·“ὦ
238 2877 459 2955 Λακεδαιμόνιοι,
483 2879 562 2955 ὑμεῖς
584 2878 619 2953 δή
641 2879 761 2959 λέγεσθε
785 2878 854 2937 εἶναι
876 2878 974 2953 ἅνδρες

169 2964 281 3042 ἄριστοι
293 2965 348 3025 ὑπὺ
365 2970 421 3025 τῶν
439 2967 506 3045 τῇδε
522 2965 681 3042 άνθρεὺπων,
694 2967 921 3044 ἐκπαγλεομένων
937 2967 973 3028 ιὺς

161 3051 232 3112 ἀὑτε
248 3053 365 3133 φεύγετε
384 3059 413 3111 έκ
432 3055 559 3128 πολέμου
577 3051 639 3111 οὑτε
659 3051 737 3120 τάξιν
758 3053 907 3121 ἐκλείπετε,
921 3055 971 3128 μέ-

169 3141 262 3202 νοντές
274 3139 335 3215 τεῆ
354 3139 496 3198 άπάλλυτε
516 3139 580 3200 τοδς
601 3139 768 3214 ε’ναντίουςῆ
785 3139 862 3198 αὑτοὶ
882 3139 971 3199 άπόλ-

112 3217 144 3236 Μ
163 3227 268 3285 1λυσθε.
310 3231 364 3285 τοῖν
386 3226 408 3284 δ’
430 3225 471 3301 ἄρ’
493 3224 527 3300 ἦν
551 3224 629 3284 οὑδέν
653 3227 763 3300 άληθές·
786 3228 852 3302 πρὶν
873 3228 927 3308 γάρ
952 3229 969 3303 ἦ

158 3311 306 3386 ’συμμίξαι
324 3312 411 3387 ἡμέας
429 3317 456 3374 ές
474 3315 574 3390 χειρῶν
590 3337 621 3370 τε
640 3312 725 3388 νόμον
743 3312 902 3384 ἀπικέσθαι,
922 3318 969 3374 καὶ
