2268 3536
168 135 199 182 ιι
468 133 650 180 Ἦνοιουοτ
920 133 966 198 [ν.-

165 239 210 275 τες
228 210 347 290 ἐχούσης
361 217 388 275 ἐς
401 212 573 288 Ἀθηναίους,
587 211 652 272 τότε
665 211 798 286 Θηβαίων
819 210 968 286 δεηθέντων

168 299 294 375 πόλεμον
308 299 461 376 ἀκήρυκτον
475 300 651 377 Ἀθηναίοισι
665 301 811 375 ἐπέφερον·
835 302 967 376 ἐπικειμέ-

166 415 218 447 νων
239 387 293 469 γάρ
318 387 407 448 αύτῶν
427 393 585 458 Βοιωτοῖσι,
610 386 819 450 ἐπιπλώσαντες
842 392 968 465 μακρῇσι

166 477 248 552 νηυσὶ
270 481 297 540 ἐς
318 476 369 553 τὴν
386 477 524 553 Ἀττικὴν,
546 477 616 536 κατά
637 480 688 554 μὲν
708 478 809 552 ἔσυραν
827 475 967 553 Φάληρον,

167 565 236 625 κατά
251 565 280 623 δέ
293 569 343 640 τῆς
360 565 451 643 ἄλλης
465 567 606 643 παραλίης
626 565 752 628 πολλούς
772 564 885 640 δήμους·
906 591 967 623 ποι-

166 657 255 716 εῦντες
269 653 407 728 δὲταῦτα,
423 656 552 736 μεγάλως
565 653 728 730 Ἀθηναίους
743 653 879 712 ἐσίνοντο.

119 744 156 800 82
206 741 289 800 Ἡδὲ
312 743 397 820 ἔχθρη
418 743 436 818 ἡ
457 744 685 819 προοφειλομένη
706 747 732 804 ἐς
752 739 917 816 Ἀθηναίους
935 747 967 800 ’ἐκ

167 835 221 889 τῶν
235 832 411 910 Αἰγινητέων,
427 833 536 912 ἐγένετο
550 831 580 899 ἐξ
593 830 681 909 ἀρχῆς
694 829 818 904 τοιῆσδε·
839 829 966 888 ’Ἐπιδαυ-

166 919 254 993 ρίοισι
275 917 293 992 ηι
313 923 351 998 γῆ
374 919 481 996 καρπδν
496 919 593 978 οὐδένα
607 917 740 978 ἀνεδίδου.
782 918 845 995 περὶ
866 917 968 994 ταύτης

167 1005 203 1065 ὧν
224 1011 274 1082 τῆς
293 1013 444 1084 συμφορῆς
464 1010 491 1066 οἱ
504 1006 677 1082 Ἐπιδαύριοι
698 1007 832 1085 ἐχρέωντο
853 1011 881 1065 ἐν
896 1010 967 1064 Δελ-

168 1099 261 1168 φοῖσι·
282 1095 301 1172 ἦ
324 1096 353 1154 δὲ
375 1097 469 1172 Πυθίη
490 1097 583 1172 σφέας
605 1096 714 1154 ἐκέλευε
735 1096 846 1171 Δαμίης
869 1121 899 1154 τε
922 1095 967 1154 καὶ

166 1182 308 1261 Αὐξησίης
322 1183 474 1266 ἀγάλματα
495 1183 672 1261 ἱδρύσασθαι,
687 1184 735 1241 καί
749 1190 805 1259 σφι
820 1183 967 1260 ἱδρυσαμέ-

166 1297 240 1331 νοισι
258 1272 371 1350 ἄμεινον
391 1273 585 1333 συνοίσεσθαι·
608 1271 770 1349 ἐπειρώτεον
791 1270 827 1330 ὧν
848 1275 875 1330 οἱ
890 1271 966 1330 Ἐπι-

168 1359 273 1438 δαύριοι
300 1361 400 1439 κότερα
427 1366 537 1441 χαλκοῦ
561 1363 707 1420 ποιέωνται
731 1358 778 1440 [τά
802 1359 964 1440 ἀγάλματα]

166 1447 183 1523 ἢ
197 1451 288 1510 λίθου·
309 1451 372 1526 ἡδέ
393 1452 486 1526 Πυθίη
506 1451 635 1527 οὐδέτερα
651 1448 755 1508 τούτων
770 1450 808 1522 ἔα,
824 1447 901 1506 α’λλά
922 1447 965 1516 ξύ-

168 1541 218 1595 λου
238 1537 344 1615 ἡμέρης
358 1540 463 1614 ἐλαίης·
485 1539 593 1598 ἐδέοντο
609 1537 645 1597 ὧν
659 1540 685 1596 οἱ
698 1536 871 1612 Ἐπιδαύριοι
884 1536 967 1612 Ἀθη-

166 1626 248 1684 ναίων
275 1627 371 1701 ἐλαίην
395 1633 452 1702 σφι
480 1627 574 1686 δοῦναι
597 1626 745 1702 ταμέσθαι,
772 1625 905 1701 ἱρωτάτας
932 1624 966 1701 δή

168 1713 257 1776 κείνας
278 1715 435 1790 νομίζοντες
456 1713 534 1773 εἶναι·
563 1715 676 1794 λέγεται
700 1713 729 1771 δὲ
751 1714 797 1772 καὶ
819 1713 853 1776 ὦς
875 1718 967 1774 ἐλαῖαι

167 1799 242 1874 ἦσαν
262 1801 367 1860 ἄλλοθι
387 1806 439 1881 γῆς
458 1802 582 1879 αι’δομοΰ
603 1800 661 1860 κατ’
676 1805 780 1862 ἐκεῖνον
792 1801 842 1861 τδν
854 1801 965 1880 χρόνον,

166 1887 344 1970 ἢἈθήνησι·
367 1894 393 1948 οἱ
407 1890 436 1949 δὲ
454 1891 499 1949 ἐπὶ
519 1891 615 1950 τοῖσδε
636 1889 735 1948 δύσειν
757 1891 875 1966 ἔφασαν,
891 1889 967 1970 ἐπ’ᾧ

167 1975 306 2047 ἀπάξουσι
322 1979 395 2041 ἔτεος
409 1977 528 2037 ἑκάστου
541 1981 577 2056 τῇ
590 1978 724 2055 Ἀθηναίῃ
737 1981 772 2055 τῇ
784 1978 906 2038 Πολιάδι
921 1980 966 2056 ἱρά

167 2066 212 2124 καὶ
233 2071 271 2146 τῷ
291 2065 429 2144 Ἐρεχθέῖ·
452 2067 663 2129 καταινέσαντες
685 2066 707 2124 δ’
725 2064 771 2124 ἐπὶ
792 2066 918 2126 τούτοισι
940 2071 966 2126 οἱ

105 2146 107 2150 .
165 2153 346 2232 Ἐπιδαύριοι,
361 2159 415 2214 τῶν
427 2181 458 2213 τε
473 2153 582 2214 ἐδέοντο
597 2156 695 2233 ἔτυχον
709 2155 754 2212 καὶ
768 2153 920 2234 ἀγάλματα
936 2155 966 2214 ἐκ

164 2247 223 2310 τῶν
233 2243 347 2304 ἐλαιέων
359 2245 478 2304 τουτέων
493 2242 679 2320 ποιησάμενοι
702 2242 859 2320 ἱδρύσαντο·
882 2245 928 2302 καὶ
948 2241 966 2319 ἦ

164 2359 195 2392 τε
208 2360 245 2413 γη
260 2340 315 2408 σφι
330 2335 420 2410 ἔφερε,
432 2332 477 2391 καὶ
490 2332 666 2408 Ἀθηναίοισι
681 2333 826 2391 ἐπετέλεον
838 2332 874 2391 τά
887 2333 966 2392 συνέ-

109 2421 253 2490 ,δὸθεντα
297 2425 402 2480 Τοῦτον
421 2419 443 2480 δ’
458 2421 498 2478 ἐτι
516 2421 565 2479 τὸν
581 2419 683 2498 χρόνον
704 2421 750 2478 καὶ
768 2419 823 2497 πρὸ
844 2424 903 2491 τοῦ,
918 2425 966 2490 Αἰ·

164 2512 275 2587 γινῆται
295 2505 478 2584 Ἐπιδαυρίων
499 2507 601 2583 ἤκουον
619 2508 654 2566 τά
669 2535 700 2567 τε
719 2506 804 2577 ἅλλα,
825 2509 871 2567 καὶ
890 2509 966 2572 δίκας

165 2595 355 2670 διαβαίνοντες
377 2601 404 2658 ἐς
421 2595 587 2671 Ἐπίδαυρον
609 2595 739 2655 ἐδίδοσάν
758 2621 789 2655 τε
812 2597 858 2655 καὶ
880 2597 965 2674 ἐλάμ-

166 2685 257 2758 βανον
270 2682 334 2760 παρ’
349 2682 483 2758 ἀλλήλων
500 2687 526 2743 οἱ
539 2688 695 2765 Αἰγινῆται·
716 2683 749 2743 τδ
763 2685 792 2743 δὲ
805 2683 862 2745 άπδ
875 2685 964 2754 τοῦδε,

164 2771 231 2846 νῆάς
243 2797 274 2831 τε
287 2770 440 2847 πηξάμενοι
454 2773 500 2830 καὶ
513 2771 697 2852 ἀγνωμοσύνη
707 2772 891 2851 χρησάμενοι,
900 2771 965 2832 οἶπέ-

121 2915 127 2921 ,
164 2885 275 2935 στησαν
296 2859 352 2918 οἷπδ
376 2864 431 2919 τῶν
453 2859 644 2937 Ἐπιδαυρίων·
668 2859 717 2919 ἅτε
739 2861 768 2919 δὲ
794 2859 884 2924 ἐόντες
909 2861 965 2920 διά-

166 2953 258 3025 φοροι,
278 2948 410 3024 δηλέοντο
433 2947 531 3012 αύτούς
553 2947 625 3007 ὥστε
647 2947 680 3024 δὴ
701 2949 965 3026 θαλασσοκράτορες

165 3035 262 3106 ἐόντες,
279 3037 324 3095 καὶ
338 3036 371 3112 δὴ
386 3037 431 3096 καὶ
445 3035 480 3095 τά
494 3035 646 3117 ἀγάλματα
659 3041 747 3095 ταῦτα
757 3040 792 3110 τῆ
794 3063 807 3098 ς
816 3062 846 3094 τε
856 3038 966 3113 Δαμίης

167 3125 276 3201 καὶτῆς
290 3124 432 3200 Αὐξησίης
446 3124 623 3201 ύπαιρέοντοι
637 3123 734 3194 αύτῶν,
750 3125 798 3182 καί
809 3131 887 3200 σφεα
906 3131 965 3184 ἐκο-

163 3213 284 3288 μίσαντό
306 3239 337 3272 τε
360 3213 405 3270 καὶ
429 3209 576 3288 ἱδρύσαντο
593 3217 643 3287 τῆς
665 3213 805 3289 σφετέρης
826 3213 918 3291 χάρης
939 3219 965 3276 ἐς

163 3300 216 3374 τὴν
236 3300 401 3376 μεσόγαιαν·
423 3327 458 3378 τη
474 3301 529 3376 Οἴη
545 3300 597 3376 μέν
611 3305 672 3360 ἐστι
686 3300 798 3374 οὕνομα.
813 3299 916 3360 στάδια
936 3299 966 3360 δὲ
