2278 3538
184 115 231 162 230
487 111 672 161 ἨΡΟΔΟΤΟΤ
885 111 979 173 [VIII.

183 191 248 252 ἀλλ’
262 190 295 250 οὗ
313 190 453 270 χρήματα,
475 189 538 250 οὔτε
557 190 694 270 ἠνέσχετο
714 195 803 272 σιγῶν
824 190 885 250 εἶπέ
903 218 934 252 τε
955 198 982 256 ἐς

183 279 289 343 πάντας
306 279 380 340 τάδε·
403 290 420 314 “
428 279 528 349 παπαὶ,
547 278 696 357 Μαρδόνιε,
716 280 805 342 κοίους
823 279 864 338 ἐπ’
883 279 983 356 ἄνδρας

183 367 286 449 ἤγαγες
306 369 520 447 μαχησομένους
536 367 631 444 ἡμέας,
649 367 676 426 οἳ
697 365 730 426 ού
751 368 816 444 περὶ
832 367 983 446 χρημάτων

183 456 232 517 τὸν
256 455 349 538 άγῶνα
371 459 521 527 ποιεῦνται,
546 453 624 514 ἀλλά
646 455 710 531 περὶ
732 454 857 532 οἷρετῆς.”
897 456 985 537 τούτῳ

183 547 235 621 μὲν
248 544 282 620 δή
295 549 383 604 ταῦτα
397 544 499 621 εἴρητο.

137 635 175 694 27
224 632 273 692 Ἐν
286 633 315 692 δέ
328 637 366 711 τῷ
380 631 424 691 διά
439 633 530 708 μέσου
548 629 647 710 χρόνῳ,
666 631 729 690 ἐπεί
738 657 770 690 τε
785 632 817 692 τά
837 637 866 692 ἐν
879 639 987 711 Θερμο-

185 721 293 800 πύλῃσι
306 725 402 798 τρῶμα
418 719 550 801 ἐγεγόνεε,
565 718 664 778 αύτίκα
677 721 825 780 Θεσσαλοὶ
841 722 988 798 πέμπουσι

185 809 289 884 κήρυκα
303 813 330 870 ἐς
343 809 461 877 Φωκέας,
476 806 524 867 άτε
538 813 594 884 σφι
608 808 747 887 ἐνέχοντες
761 809 813 867 αἰεὶ
826 808 915 887 χόλον
928 809 986 870 άπῦ

185 901 218 960 δὲ.
226 901 276 956 τοῦ
289 895 411 955 ῦστάτου
424 896 566 973 τρώματος
580 897 626 954 καὶ
643 894 676 955 τά
695 895 791 972 κάρτα·
814 897 986 972 ἐσβαλόντες

186 983 240 1065 γάρ
258 988 434 1063 πανστρατιῇ
454 983 535 1044 αῦτοί
552 1009 583 1043 τε
600 987 627 1043 οἱ
642 985 790 1043 Θεσσαλοὶ
809 986 854 1043 καὶ
871 988 897 1044 οἱ
915 985 986 1061 σύμ-

184 1098 272 1152 μαχοι
298 1071 387 1131 αύτῶν
415 1077 442 1135 ἐς
466 1071 530 1136 τοῦς
552 1073 670 1143 Φωκέας,
693 1071 725 1131 ού
752 1076 889 1132 πολλοῖσι
911 1075 987 1132 ἐτεσι

186 1160 321 1238 πρότερον
343 1160 444 1235 ταύτης
467 1165 517 1236 τῆς
540 1160 679 1236 βασιλέος
699 1162 918 1236 στρατηλασίης,
940 1165 986 1220 ἐσ·

186 1248 383 1326 σῶθησανῦπό
396 1253 450 1308 τῶν
460 1249 574 1308 Φωκέων
588 1248 634 1306 καὶ
647 1249 842 1325 περιέφθησαν
855 1250 985 1327 τρηχέως·

187 1337 248 1396 ε’πεί
268 1364 299 1397 τε
322 1337 377 1418 γάρ
402 1336 609 1412 κατειλήθησαν
634 1340 660 1398 ἐς
683 1335 732 1396 τάν
758 1337 933 1412 Παρνησσὸν
960 1341 987 1397 οἶ

187 1427 293 1489 Φωκέες
306 1427 415 1504 ἔχοντες
428 1424 527 1503 μάντιν
537 1426 659 1500 Τελλίην
671 1423 721 1484 τόν
733 1423 855 1497 Ἠλεῖον,
869 1426 987 1485 ἐνθαῦτα

188 1512 334 1589 άΤελλίης
348 1511 427 1576 οὗτος
441 1514 589 1588 σοφίζεται
602 1511 712 1572 αὐτοῖσι
725 1511 839 1584 τοιόνδε·
853 1513 988 1592 γυψάσας

791 1601 799 1621 λ
857 1599 865 1618 ⁵

187 1599 287 1676 ἄνδρας
321 1601 482 1670 ἑξακοσίους
514 1605 570 1660 τῶν
604 1602 717 1659 Φωκέων
750 1627 814 1663 τους
847 1601 986 1676 αρίστους,

187 1687 287 1750 αύτούς
299 1713 330 1746 τε
342 1688 456 1750 τούτους
470 1689 515 1746 καὶ
528 1687 564 1748 τά
578 1687 655 1746 ὅπλα
669 1686 766 1758 αὐτῶν,
780 1687 876 1752 νυκτός
889 1690 988 1766 ἐπεθή·

188 1801 255 1834 κατο
276 1779 352 1836 τοῖσι
376 1779 565 1835 Θεσσαλοῖσι·
595 1777 730 1852 προείπας
752 1776 870 1846 αὐτοῖσι,
889 1777 938 1836 τόν
954 1777 988 1838 ἂν

186 1863 227 1940 μὴ
241 1864 452 1934 λευκανθίζοντα
472 1863 581 1924 ἴδωνται
599 1868 698 1923 τοῦτον
712 1856 833 1924 κτείνειν.
875 1864 989 1930 τούτους

187 1951 224 2011 ῶν
245 1953 325 2011 αἵτε
347 1954 472 2028 φυλακαὶ
493 1957 547 2012 τῶν
568 1956 727 2012 Θεσσαλῶν
750 1957 857 2029 πρῶται
879 1953 988 2012 ἰδοῦσαι

188 2040 376 2117 ἐφοβήθησαν
392 2040 510 2110 δόξασαι
526 2038 601 2098 άλλο
618 2066 646 2098 τι
665 2039 734 2100 εἶναι
751 2041 840 2116 τέρας,
856 2041 901 2098 καὶ
916 2041 988 2117 μετά

187 2127 236 2192 τάς
253 2129 381 2206 φυλακάς
399 2129 468 2206 αῦτη
486 2127 505 2204 ἡ
524 2127 651 2206 στρατιή,
666 2126 736 2186 οῦτω
754 2127 827 2186 ὥστε
844 2154 987 2206 τετρακισ-

187 2218 285 2294 χιλίων
307 2221 444 2293 κρατῆσαι
462 2220 563 2293 νεκρῶν
580 2217 625 2274 καὶ
644 2214 715 2274 άσπι
732 2241 768 2274 ων
789 2217 907 2288 Φωκέας·
933 2221 988 2281 τῶν

187 2305 237 2368 τάς
249 2309 301 2382 μὲν
313 2305 432 2381 ἡμισέας
452 2311 478 2368 ἐς
489 2303 585 2380 Ἀβας
602 2303 747 2374 α’νέθεσαν,Ι
760 2304 811 2367 τάς
827 2305 856 2363 δὲ
875 2310 901 2368 ἐς
915 2310 986 2364 Δελ-

188 2392 268 2468 φούς·
289 2393 308 2469 ἡ
322 2393 351 2452 δὲ
369 2393 469 2468 δεκάτη
484 2395 591 2472 ἐγένετο
604 2396 659 2452 τῶν
671 2392 821 2471 χρημάτων
840 2399 870 2452 ἐκ
888 2393 988 2470 ταύτης

187 2485 237 2555 τῆς
249 2480 341 2558 μάχης
354 2484 380 2539 οἱ
393 2480 513 2560 μεγάλοι
527 2479 684 2557 ἀνδριάντες
697 2483 723 2539 οἱ
736 2481 800 2558 περὶ
813 2480 862 2540 τόν
871 2481 988 2558 τρίποδα

188 2572 380 2637 συνεστεῶτες,
402 2569 544 2644 ἔμπροσθε
564 2572 615 2628 τοῦ
634 2573 701 2645 νηοῦ
718 2572 768 2628 τοῦ
787 2574 816 2628 ἐν
834 2573 987 2644 Δελφοῖσι·

140 2658 179 2716 28
188 2655 234 2714 καὶ
262 2656 349 2733 ἕτεροι
374 2659 496 2716 τοιοῦτοι
517 2661 545 2716 ἐν
560 2656 673 2736 ’λβῃσι
697 2657 853 2716 ἀνακέαται.
895 2662 988 2717 Ταῦτα

187 2745 239 2820 μέν
263 2770 310 2803 νυν
332 2743 382 2803 τὸν
405 2743 489 2815 πεζόν
517 2745 672 2827 ἐργάσαντο
696 2749 750 2806 τῶν
778 2749 935 2805 Θεσσαλῶν
961 2749 988 2805 οἶ

188 2834 301 2902 Φωκέες,
324 2833 539 2911 πολιορκέοντας
560 2834 682 2896 ἑωυτούς·
705 2835 890 2910 ἐσβαλοῦσαν
911 2834 940 2892 δέ
962 2839 987 2897 ἐς

187 2920 239 2996 τὴν
251 2921 344 3000 χώρην
356 2921 407 2996 τήν
425 2923 509 2981 ἵππον
523 2921 612 2980 αὐτῶν
631 2921 803 2999 ἐλυμήναντο
822 2921 987 2996 ἀνηκέστως·

189 3012 218 3068 ἐν
230 3008 284 3088 γάρ
297 3013 332 3088 τῇ
347 3011 459 3086 ἐσβολῇ
476 3008 494 3082 ἥ
513 3015 574 3068 ἐστι
594 3008 663 3067 κατά
679 3008 845 3086 Ὑάμπολιν,
861 3014 890 3068 ἐν
902 3009 988 3088 ταύτῃ

188 3095 297 3172 τάφρον
323 3095 451 3176 μεγάλην
478 3095 631 3171 ὀρύξαντες,
659 3094 803 3173 α’μφορέας
831 3097 934 3160 κεινοῦς
961 3103 988 3162 ἐς

189 3182 274 3258 αύτήν
288 3185 449 3256 κατέθηκαν·
470 3185 539 3259 χοῦν
553 3182 582 3240 δὲ
596 3183 817 3260 ἐπιφορήσαντες
831 3184 877 3242 καὶ
890 3184 988 3261 ὅμοιοί·

189 3293 289 3334 σαντες
311 3273 349 3348 τῶ
372 3268 452 3348 ἄλλῳ
474 3267 562 3348 χοίρῳ,
587 3269 712 3331 ἐδέκοντο
734 3271 799 3335 τοῦς
821 3273 989 3336 Θεσσαλούς
