2268 3536
153 151 262 214 82-86]
448 149 651 199 ταινιιεονιι.
926 151 955 202 ³7

151 230 281 307 μάλιστά
296 257 331 307 κη
345 231 402 291 ἀπό
416 230 580 306 τῆςπόλιος
595 229 630 292 ἀς
644 232 733 290 εἴκοσι
754 230 863 310 ἀπέχει·
885 232 955 307 ἱδρυ-

153 321 271 397 σάμενοι
292 321 321 378 δὲ
342 325 371 379 ε’ν
384 318 473 397 τούτῳ
487 322 525 396 τῷ
538 317 627 396 χώρῳ,
643 319 762 397 θυσίῃσί
773 320 805 378 τέ
819 325 896 394 σφεα
911 321 956 378 καὶ

152 413 266 487 χοροῖσι
278 408 465 489 γυναικηίοισι
480 407 641 484 κερτόμοισι
653 407 813 476 ἱλάσκοντο,
828 411 956 487 χορηγῶν

154 496 388 573 ἀποδεικνυμένων
408 497 521 573 ἑκατέρῃ
539 499 594 554 τῶν
610 494 746 570 δαιμόνων
760 493 825 552 δέκα
839 493 953 568 ἀνδρῶν·

154 590 241 648 κακῶς
264 585 292 644 δὲ
313 583 449 666 ἠγόρευον
467 585 494 642 οἱ
511 584 592 661 χοροὶ
611 582 696 659 ἄνδρα
713 585 764 658 μὲν
784 581 888 652 οὐδένα,
908 583 956 645 τάς

155 673 183 731 δὲ
205 675 354 750 ἐπιχωρίας
374 677 514 754 γυναῖκας.
557 670 631 746 ἦσαν
657 671 686 730 δὲ
710 671 755 729 καὶ
779 675 855 729 τοῖσι
879 669 954 727 Ἐπι-

154 761 292 837 δαυρίοισι
305 763 335 820 αἱ
348 765 474 820 τοιαῦται
489 761 617 840 ἱροργίαι·
632 761 687 819 εἰσὶ
701 761 732 818 δέ
746 765 801 834 σφι
816 759 861 817 καὶ
873 758 954 835 ἀρρη-

154 873 198 907 τοι
207 852 336 930 ἷροργίαι.
366 850 554 924 Κλεφθέντων
568 847 597 906 δὲ
611 849 695 908 τῶνδε
708 853 762 908 τῶν
776 845 953 928 ἀγαλμάτων,
964 851 1002 903 84

155 939 181 994 οἶ
200 936 373 1013 Ἐπιδαύριοι
393 940 469 995 τοῖσι
489 935 665 1011 Ἀθηναίοισι
682 935 718 995 τά
738 937 885 995 συνέθεντο
906 935 955 993 οὐκ

155 1026 309 1083 ἐπετέλεον·
332 1026 490 1101 πέμψαντες
508 1024 537 1082 δὲ
557 1027 583 1082 οἱ
596 1023 739 1100 Ἀθηναῖοι
754 1023 865 1099 ἐμήνιον
879 1029 955 1081 τοῖσι

154 1110 367 1186 Ἐπιδαυρίοισι·
391 1115 417 1170 οἱ
440 1112 469 1170 δὲ
491 1112 646 1187 ἀπέφαινον
669 1111 745 1191 λόγῳ
768 1112 803 1174 ὦς
825 1111 875 1169 οὐκ
900 1110 954 1168 ἀδι-

157 1201 239 1256 κοῖεν·
262 1197 331 1255 ὅσον
347 1202 398 1273 μὲν
416 1198 471 1278 γάρ
488 1199 590 1276 χρόνον
609 1199 684 1276 εἶχον
701 1199 737 1258 τά
755 1197 907 1279 ἀγάλματα
929 1205 956 1256 ἐν

155 1290 192 1364 τῇ
206 1285 291 1364 χαίρῃ,
311 1287 461 1345 ἐπιτελέειν
479 1286 515 1345 τά
535 1287 604 1345 συνέ
622 1313 693 1345 εντο·
716 1289 775 1344 ε’πεὶ
794 1288 822 1345 δὲ
843 1292 954 1362 ἐστερῆ-

156 1375 224 1432 σθαι
247 1373 344 1444 αάτῶν,
364 1373 396 1432 οὐ
421 1375 526 1434 δίκαιον
547 1374 616 1432 εἶναι
637 1373 790 1450 ἀποφέρειν
813 1376 859 1444 ἔτι,
881 1372 956 1431 ἀλλά

155 1463 219 1524 τούς
233 1463 347 1541 ἔχοντας
365 1461 435 1521 αότά
449 1462 599 1543 Αἰγινήτας
616 1461 800 1539 πρήσσεσθαι
819 1465 955 1522 ε’κέλευον.

156 1551 224 1626 πρός
236 1556 324 1610 ταῦτα
337 1551 481 1627 Ἀθηναῖοι
492 1558 520 1614 ἐς
529 1553 644 1633 Αἴγιναν
654 1553 814 1630 πέμψαντες
824 1551 955 1611 ἀπαίτεον

155 1638 191 1696 τά
203 1639 364 1720 ἀγάλματα·
386 1644 413 1698 οἱ
426 1640 456 1698 δὲ
469 1645 616 1720 Αἰγινῆται
630 1642 749 1715 ἔφασαν,
765 1643 853 1715 σφίσι
867 1667 897 1698 τε
910 1641 955 1698 καὶ

155 1723 331 1802 Ἀθηναίοισι
345 1728 413 1787 εἶναι
428 1727 506 1788 οάδέν
519 1733 645 1809 πρῆγμα.
687 1729 830 1804 Ἀθηναῖοι
844 1729 895 1805 μέν
909 1755 956 1786 νυν
965 1730 1003 1785 85

155 1815 273 1895 λέγουσι
294 1815 365 1892 μετά
386 1817 438 1891 τήν
461 1816 614 1892 ἀπαίτησιν
634 1817 831 1892 ἀποσταλῆναι
850 1816 956 1893 τριήρεϊ

155 1905 207 1981 μιῇ
225 1908 279 1962 τῶν
298 1903 400 1973 ἀστῶν,
414 1905 528 1966 τούτους
548 1905 574 1963 οἳ
592 1905 823 1981 ἀποπεμφθέντες
837 1903 893 1963 ἀπό
907 1909 957 1962 τοτ’

156 1995 250 2050 κοινοῦ
263 1992 309 2049 καὶ
323 1991 487 2066 ἀπικόμενοι
502 1997 529 2054 ές
542 1994 666 2080 Αἴγιναν,
680 1992 716 2051 τά
729 1991 880 2072 ἀγάλματα
894 1995 956 2050 ταΰ-

155 2103 191 2136 τα
205 2077 240 2142 οἷς
253 2081 398 2155 σφετέρων
417 2079 506 2148 ξύλων
524 2080 605 2139 ε’όντα
624 2085 771 2156 ἐπειρῶντο
788 2085 816 2137 ἐκ
834 2081 888 2137 τῶν
904 2077 956 2153 βά-

156 2167 229 2243 θρων
243 2167 412 2240 ἐξανασπᾶν,
430 2168 474 2227 ἵνα
488 2168 565 2242 σφέα
579 2166 810 2243 ἀνακομίσωνται·
834 2165 865 2223 οὐ
880 2166 956 2224 δυνα-

160 2255 255 2318 ιένους
268 2255 298 2314 δὲ
310 2255 398 2333 τούτῳ
412 2259 450 2333 τῷ
462 2254 556 2333 τρόπῳ
570 2253 661 2312 αάτῶν
679 2258 824 2330 κρατῆσαι,
840 2254 955 2328 περιβα-

156 2341 258 2406 λόντας
267 2343 381 2422 σχοινία
392 2343 483 2401 ἕλκειν
495 2342 531 2400 τοὶ
542 2341 702 2422 ἀγάλματα·
718 2342 765 2400 καί
777 2348 832 2416 σφι
844 2343 958 2400 ἕλκουσι

156 2431 281 2507 βροντήν
291 2457 322 2491 τε
336 2431 382 2489 καὶ
396 2430 454 2506 ἅμα
467 2433 503 2508 τῇ
516 2431 626 2508 βροντῇ
640 2428 761 2505 σεισμόν
772 2429 957 2510 ἐπιγενέσθαι·

156 2518 222 2582 τούς
239 2519 269 2578 δὲ
284 2519 426 2596 τριηρίτας
441 2517 505 2580 τούς
524 2519 656 2582 ἕλκοντας
668 2517 722 2577 ὖπό
740 2519 857 2578 τουτέων
872 2517 956 2578 ἀλλο-

158 2611 310 2682 φρονῆσαι·
324 2606 465 2669 παθόντας
479 2606 508 2664 δὲ
521 2609 611 2678 τοῦτο,
625 2606 739 2666 κτείνειν
753 2606 897 2681 ἀλλήλους
911 2607 958 2664 ἅτε

157 2695 309 2770 πολεμίους
329 2699 356 2756 ἐς
369 2693 385 2752 ὃ
400 2699 430 2752 ἐκ
445 2693 555 2754 πόντων
572 2694 620 2752 ἕνα
639 2695 791 2768 λειφθέντα
807 2694 957 2771 ἀνακομισ-

158 2781 240 2856 θῆναι
262 2781 346 2841 αὐτόν
368 2787 395 2844 ἐς
409 2780 548 2856 Φάληρον.
591 2779 735 2858 Ἀθηναῖοι
754 2783 805 2859 μέν
821 2810 869 2842 νυν
888 2782 957 2840 οὕτω
968 2785 1005 2839 86

158 2869 276 2950 λέγουσι
298 2870 440 2950 γενέσθαι.
483 2873 630 2950 Αἰγινῆται
652 2870 689 2940 δὲ,
710 2871 741 2929 οὗ
763 2877 814 2948 μιῇ
836 2873 880 2946 νηῒ
897 2869 958 2928 ἀπι-

158 2957 258 3017 κέσθαι
270 2956 443 3034 Ἀθηναίους·
464 2959 532 3034 μίαν
544 2961 596 3034 μὲν
608 2958 663 3039 γάρ
679 2960 724 3017 καὶ
738 2959 824 3039 ὀλίγῳ
838 2963 959 3019 πλεῦνας

158 3048 232 3120 μιῆς,
246 3046 292 3104 καὶ
313 3047 338 3104 εἴ
357 3051 414 3121 σφι
433 3045 474 3122 μή
492 3047 590 3125 ἔτυχον
604 3051 701 3106 εὀὓσαι
715 3049 780 3115 νέες,
795 3045 959 3120 ἀπαμύνασ-

159 3134 206 3192 θαι
219 3130 254 3193 ιῖν
267 3133 408 3197 είνπεπέως·
423 3133 500 3192 ἀλλά
510 3138 640 3213 πολλῇσι
650 3136 732 3210 νηυσὶ
747 3133 888 3192 ἐπιπλέειν
902 3139 957 3205 σφι

160 3221 205 3280 ἐπὶ
225 3221 278 3298 τήν
299 3221 402 3300 χιόρην·
424 3221 503 3281 αὖτοὶ
520 3221 552 3280 δέ
572 3227 628 3297 σφι
648 3223 726 3294 εἶξαι,
743 3221 788 3278 καὶ
807 3217 838 3276 οὗ
852 3218 958 3276 διαναυ·

158 3313 299 3387 μαχῆσαι·
314 3307 378 3389 (οὐκ
386 3309 484 3390 έχουσι
494 3309 523 3368 δὲ
539 3313 623 3368 τοῦτο
634 3309 804 3383 διασημῇναι
818 3305 958 3380 ἀτρεκέως,

166 3395 251 3446 Π.-4
