2262 3534
171 114 280 177 ιιι-οι]
486 111 674 162 mmmm,
925 115 973 162 τις

171 194 203 254 ού
217 193 354 270 πρότερόν
361 197 398 253 ’τε
415 193 576 252 παύσεσθαι
593 192 773 270 τιμωρέοντες
793 194 893 272 ἐκείνῳ,
907 193 974 269 πρὶν

171 281 190 358 ἢ
215 282 292 343 δίκας
319 282 389 339 δῶσι
408 284 462 339 τῶν
483 281 619 355 ἐποίησαν
638 279 740 342 ταύτας
763 279 812 343 τάς
836 277 870 339 ἂν
891 279 973 345 αύτὸς

171 371 268 445 ἐληται
295 369 341 427 καὶ
363 369 471 427 δικαιοῖ·
506 368 609 427 τούτων
635 367 665 426 δέ
691 369 868 442 τελεομένων,
893 369 971 428 αύτοὶ

171 457 270 516 δύσειν
283 456 390 535 Εὐηνίῳ
404 456 484 516 δόσιν
502 455 632 531 τοιαύτην
649 456 700 530 τῆν
718 454 843 519 πολλούς
858 482 907 534 μιν
919 484 970 534 μα-

170 549 274 622 καριεῖν
289 544 440 621 ἀνθρώπων
457 546 566 624 ἔχοντα.
607 544 650 602 Τά
666 546 718 618 μὲν
736 543 895 623 χρηστήρια
907 547 1019 612 τού-94

169 633 206 692 τά
227 638 283 708 σφι
307 631 443 710 ἐχρήσθη·
475 635 502 692 οἱ
525 632 555 692 δέ
577 631 803 708 Ἀπολλωνιῆται
826 630 972 710 άπόρρητα

169 721 364 797 ποιησάμενοι,
378 721 536 797 προέθεσαν
548 724 603 781 τῶν
616 718 711 782 άστῶν
725 719 843 796 άνδράσι
857 719 971 798 διαπρῆ-

170 805 224 878 ξαι·
240 812 273 868 ὀἱ
293 808 324 866 δέ
343 815 400 884 σφι
421 808 570 885 διέπρηξαν
590 805 651 868 ὧδε·
673 809 827 885 κατημένου
851 807 970 884 Εὐηνίου
1045 861 1048 874 ,

170 900 199 956 ἐν
216 897 301 976 θώκῳ,
321 896 449 958 ἐλθόντες
470 900 496 955 οἶ
514 897 663 980 παρίζοντο
682 897 727 954 καὶ
745 895 847 977 λόγους
866 894 971 960 ἄλλους

169 989 318 1053 ἐποιεῦντο,
334 991 361 1046 ἐς
374 985 390 1042 δ
408 984 575 1060 κατέβαινον
588 985 812 1060 συλλυπεύμενοι
827 988 865 1063 τῷ
877 984 969 1044 πάθεϊ·

168 1072 255 1151 ταύτῃ
275 1073 305 1131 δὲ
325 1071 477 1152 ύπάγοντες
497 1072 622 1148 είροίτεον
640 1073 702 1132 τίνα
722 1072 801 1148 δίκην
817 1063 851 1131 ἂν
868 1074 969 1144 ἐλοιτο,

170 1163 193 1218 εἰ
213 1160 336 1218 ἐθέλοιεν
352 1157 578 1235 Ἀπολλωνιῆται
597 1159 674 1222 δίκας
693 1159 850 1235 ὑποστῆναι
870 1159 970 1220 δύσειν

167 1251 223 1305 τῶν
244 1250 398 1323 ἐποίησαν;
433 1246 449 1305 ό
471 1247 500 1306 δέ
522 1247 571 1306 ούκ
592 1246 716 1322 άκηκοῶς
736 1247 768 1307 τό
791 1247 968 1325 θεοπρόπιον,

168 1334 260 1394 είλετο
274 1335 361 1398 εἶπας·
383 1336 410 1394 εἲ
422 1335 464 1397 τίς
478 1337 505 1394 οἳ
521 1335 582 1410 δοίη
596 1333 699 1413 α’γρούς
716 1338 770 1394 τῶν
791 1335 893 1404 ἀστῶν,
909 1335 968 1396 ὀνο-
1004 1364 1007 1374 ·

166 1421 262 1498 μάσας
273 1427 351 1484 τοῖσι
364 1422 506 1500 ήπίστατο
520 1421 589 1482 εἶναι
603 1423 772 1485 καλλίστους
786 1423 835 1482 δύο
849 1423 970 1500 κλήρους

167 1515 222 1570 τῶν
242 1517 272 1572 ἐν
290 1517 326 1591 τῆ
346 1509 533 1590 Ἀπολλωνίῃ,
548 1511 594 1568 καὶ
612 1511 722 1586 α’ίκησιν
742 1511 811 1587 πρός
831 1509 965 1584 τούτοισι,

166 1598 219 1674 τήν
233 1599 297 1677 ῆδεε
310 1601 470 1674 καλλίστην
486 1603 589 1658 ἐοῦσαν
601 1601 656 1658 τῶν
675 1604 704 1666 ἐν
716 1603 752 1677 τῆ
766 1599 843 1659 πόλι·
864 1598 968 1660 τούτων

167 1685 205 1756 δέ,
227 1688 290 1764 ἔφη,
312 1688 457 1766 ἐπήβολος
476 1688 623 1769 γενόμενος
643 1690 693 1746 τοῦ
713 1691 815 1747 λοιποῦ
836 1687 967 1764 άμήνιτος

167 1773 244 1849 εἶναι,
260 1777 305 1835 καὶ
318 1777 397 1852 δίκην
410 1780 437 1836 αἱ
455 1776 557 1852 ταύτην
576 1775 704 1855 άποχριῖν
719 1779 878 1856 γενομένην.
920 1777 966 1836 καὶ

167 1861 183 1920 ό
196 1867 247 1938 μὲν
260 1868 349 1923 ταῦτα
366 1865 453 1944 ἔλεγε,
468 1867 495 1922 οἱ
515 1863 545 1921 δὲ
563 1863 695 1940 πάρεδροι
714 1865 794 1924 εἶπαν
807 1864 968 1940 ύπολαβόν·

166 1977 219 2013 τες·
245 1951 378 2028 ’(Εύήνιε,
398 1951 501 2025 ταύτην
520 1950 599 2026 δίκην
615 1950 841 2028 Ἀπολλωνιῆται
858 1957 908 2028 τῆς
924 1958 966 2012 ἐκ·

165 2039 329 2114 τυφλιόσιος
344 2038 487 2098 ἐκτίνουσί
503 2063 548 2096 τοι
568 2038 639 2098 κατά
660 2039 815 2114 θεοπρόπια
834 2039 869 2098 τά
890 2041 967 2120 γενό«

165 2125 261 2200 μενα.”
288 2126 303 2186 ό
317 2128 370 2203 μὲν
382 2125 417 2201 δή
429 2125 500 2201 πρός
511 2129 599 2185 ταῦτα
612 2124 688 2185 δεινοὶ
702 2127 833 2196 ἐποιέετο,
844 2127 967 2188 ἐνθεῦτενΙ

166 2213 321 2289 πυθόμενος
333 2212 383 2274 τόν
398 2213 490 2272 πάντα
507 2213 604 2295 λόγον,
619 2212 654 2276 ὥς
673 2213 861 2290 ἐξαπατηθείς·
883 2218 909 2274 οἱ
927 2215 965 2286 δὲ,

165 2299 312 2377 πριάμενοι
324 2301 400 2378 παρά
411 2305 467 2360 τῶν
481 2301 643 2376 ἐκτημένων,
654 2300 764 2360 διδοῦσί
775 2304 803 2360 οἱ
814 2327 851 2362 τα
864 2303 966 2364 εἵλετο.

156 2388 212 2446 ’καὶ
224 2387 295 2464 μετά
309 2393 395 2448 ταῦτα
409 2389 508 2448 αὐτίκα
524 2390 648 2466 ἔμφυτον
664 2389 799 2465 μαντικήν
813 2389 879 2470 εἶχε,
893 2389 967 2459 ὥστε

166 2477 212 2534 καὶ
226 2474 400 2554 ούναμαστός
412 2478 553 2558 γενέσθαι.

204 2563 311 2624 Τούτου
338 2563 371 2641 δή
399 2564 415 2625 ό
443 2565 585 2641 Δηίφονος
609 2564 659 2625 ἐῶν
682 2568 748 2630 ταῖς
767 2569 817 2625 τοῦ
837 2567 964 2644 Εὐηνίου,
972 2571 1013 2628 95

164 2649 288 2732 α’γόντων
313 2653 476 2730 Κορινθίων,
501 2652 663 2729 ἐμαντεύετο
686 2657 721 2732 τῆ
742 2659 870 2734 στρατιῆ.
911 2655 964 2732 ἤδη

182 2741 254 2798 ἐκαὶ
267 2741 300 2800 τά
317 2767 330 2800 ε
345 2740 463 2817 ῆκουσα,
477 2739 513 2804 οἷς
531 2740 547 2801 ό
566 2741 709 2817 Δηίφονος
729 2743 902 2818 ἐπιβατεύων
913 2750 963 2802 τοῦ

163 2825 283 2903 Εύηνίου
301 2828 460 2906 ούνόμιιτος,
481 2828 657 2905 ἐξελάμβανε
675 2829 758 2889 ἐπιάν
773 2831 825 2906 τῆν
837 2831 964 2890 Ἑλλάδα

163 2915 240 2995 ἔργα,
254 2915 304 2975 ούκ
318 2915 368 2976 εἰδν
386 2915 505 2991 Εύηνίου
522 2921 596 2980 ταῖς.
638 2920 721 2976 Τοῖσι
741 2918 770 2976 δέ
786 2917 914 2995 Ἕλλησι
928 2918 963 2983 ὦς
973 2921 1010 2980 96

163 3005 355 3080 ἐκαλλιέρησε,
378 3003 483 3084 ἀνῆγον
503 3004 553 3068 τάς
574 3005 636 3068 νέας
657 3009 687 3063 ἐκ
706 3008 756 3080 τῆς
774 3005 874 3081 Δήλου
893 3007 964 3084 πρδς

161 3088 214 3167 τῆν
241 3091 346 3168 Σάμον·
387 3093 447 3151 ἐπεὶ
474 3091 504 3152 δέ
527 3093 654 3173 ἐγένοντο
682 3096 733 3168 τῆς
760 3093 868 3170 Σαμίης
893 3094 964 3171 πρός

162 3179 336 3257 Καλάμοισι,
367 3182 394 3239 οί
419 3181 471 3257 μέν
502 3178 588 3240 αύτοΰ
618 3178 803 3258 ὁρμισάμενοι
832 3180 903 3242 κατά
928 3183 962 3244 τό

160 3267 278 3348 Ἡραῖον
303 3267 337 3329 τό
363 3267 458 3346 ταύτῃ,
485 3267 727 3348 παρεσκευάζοντο
748 3273 776 3334 ἐς
796 3270 961 3351 ναυμαχίην·
