2268 3536
184 187 215 233 ιο
489 184 672 233 ἭΡοΔουου
936 186 980 251 [ν
1122 195 1125 216 =

182 263 324 341 Περσέων,
339 264 457 324 ἐνθαῦτα
472 263 517 323 ἐπὶ
530 267 568 342 τῷ
582 261 707 341 Μαρσύῃ
728 265 844 342 ποταμῷ
862 265 982 340 συνέβα·

181 353 233 412 λόν
251 378 282 411 τε
299 355 375 410 τοῖσι
393 352 526 430 Πέρσησι
548 354 574 410 οἶ
589 356 690 428 Κᾶρες,
706 352 751 409 καὶ
769 351 863 429 μάχην
885 355 982 436 ε’μαχέ-

181 467 269 500 σαντο
291 439 411 519 ἰσχυρὴν
433 441 479 498 καὶ
502 439 547 498 ἐπὶ
574 438 676 518 χρόνον
699 437 820 498 πολλόν·
846 441 928 504 τέλος
954 442 982 499 δέ

181 529 350 604 ἑσσώθησαν
368 527 413 587 διᾶ
434 529 554 603 πλῆθος.
597 522 731 603 Περσέων
753 529 805 604 μέν
827 528 860 604 δή
883 531 983 590 ἔπεσον

180 615 276 693 ἅνδρες
289 621 317 679 ἐς
330 616 496 696 δισχιλίους,
511 619 613 692 Καριᾶν
630 615 660 674 δὲ
674 620 701 678 ἐς
713 617 836 692 μυρίους·
859 619 983 680 ἐνθεῦτεν

181 704 210 764 δὲ
224 709 250 764 οἶ
264 705 445 785 διαφυγόντες
459 703 549 764 αύτῶν
559 703 767 780 κατειλήθησαν
777 709 803 767 ἐς
814 705 980 781 Λάβρανδα,

180 798 207 857 ἐς
230 793 297 856 Διός
322 793 457 868 Στρατίου
483 792 549 868 ἱρᾶν,
571 793 645 873 μέγα
669 817 700 851 τε
722 792 767 850 καὶ
789 791 869 872 ἅγιον
892 796 982 857 άλσος

178 884 385 941 πλατανίστων.
427 885 525 958 μοῦνοι
548 881 585 950 δὲ,
606 885 661 940 τῶν
680 880 760 956 ήμεῖς
781 881 866 958 ἴδμεν,
890 886 981 960 Κᾶρές

179 975 234 1029 εἶσι
249 971 274 1029 οἳ
289 972 337 1028 Διῒ
351 970 476 1048 Στρατίῳ
498 970 597 1032 θυσίας
617 968 763 1050 άνάγουσι.
807 971 980 1044 κατειληθέν-

178 1085 223 1121 τες
244 1058 281 1118 ὦν
304 1057 379 1116 οὗτοι
404 1059 523 1116 ἐνθαῦτα
541 1055 727 1132 ἐβουλεύοντο
748 1057 812 1132 περὶ
835 1059 979 1133 σωτηρίης,

178 1145 303 1224 όκότερα,
327 1145 345 1221 ἢ
369 1145 539 1221 παραδόντες
563 1146 655 1218 σφέας
680 1144 779 1207 αὐτούς
804 1147 935 1224 Πέρσῃσι
962 1146 980 1223 ἦ

179 1235 339 1296 ἐκλιπόντες
362 1233 395 1294 τό
418 1232 551 1310 παράπαν
571 1233 623 1308 τήν
643 1232 752 1308 Ἀσίην,
775 1233 888 1310 ἄμεινον
912 1236 979 1312 πρή-

132 1325 188 1383 120
200 1324 290 1393 ξουσι.
312 1322 549 1398 Βουλευομένοισι
563 1322 594 1381 δέ
607 1328 663 1397 σφι
676 1327 765 1380 ταῦτα
781 1326 980 1404 παραγίνονται

177 1413 344 1488 βοηθέοντες
366 1410 511 1486 Μιλήσιοί
529 1437 560 1470 τε
585 1411 630 1469 καὶ
657 1413 683 1468 οἶ
710 1410 856 1489 σύμμαχοι
882 1409 977 1469 αὐτῶν·

179 1502 297 1559 ἐνθαῦτα
316 1500 345 1557 δέ
365 1498 401 1558 τᾶ
421 1501 473 1575 μὲν
494 1497 630 1576 πρότερον
643 1501 670 1557 οἱ
684 1503 776 1573 Κᾶρες
795 1497 979 1573 ἐβουλεύοντο

177 1591 307 1664 μετῆκαν,
325 1590 351 1646 οἱ
375 1587 404 1644 δέ
427 1585 503 1648 αὖτις
524 1590 658 1663 πολεμεῖν
680 1586 710 1655 ἐξ
729 1584 818 1663 ἀρχῆς
839 1586 978 1661 α’ρτέοντο·

178 1675 224 1732 καὶ
251 1676 364 1734 ἐπιοῦσί
384 1700 415 1733 τε
438 1678 515 1733 τοῖσι
537 1675 671 1754 Πέρσησι
695 1674 910 1750 συμβάλλουσι,
935 1675 979 1732 καὶ

177 1761 368 1841 μαχεσάμενοι
383 1763 428 1820 ε’πὶ
442 1766 530 1822 πλεῦν
544 1761 562 1838 ή
576 1763 712 1840 πρότερον
733 1762 911 1838 ἑσσώθησαν·
932 1789 978 1821 πε-

179 1852 285 1910 σόντων
303 1849 332 1908 δὲ
350 1855 404 1910 τῶν
424 1849 534 1910 πάντων
554 1855 679 1921 πολλῶν,
694 1850 836 1926 Μιλήσιοι
851 1849 979 1927 μάλιστα

132 1943 186 2000 121
199 1939 374 2019 ἐπλήγησαν.
416 1938 498 1998 Μετᾶ
512 1939 549 2010 δέ,
563 1943 647 1998 τοῦτο
667 1938 701 1999 τδ
720 1944 816 2016 τρῶμα
837 1938 979 2015 ἀνέλαβόν

178 2053 208 2086 τε
228 2029 273 2086 καὶ
295 2026 505 2106 ἀνεμαχέσαντο
524 2031 551 2086 οἱ
572 2031 674 2104 Κᾶρες·
696 2027 848 2103 πυθόμενοι
868 2029 923 2108 γάρ
945 2027 979 2091 ὦς

179 2116 381 2193 στρατεύεσθαι
404 2115 537 2193 ὁρμέαται
562 2119 588 2174 οἱ
612 2117 724 2192 Πέρσαι
752 2117 797 2174 ἐπὶ
823 2115 873 2178 τᾶς
897 2116 979 2179 πόλις

178 2207 282 2282 σφέων,
298 2205 442 2284 ἐλόχησαν
462 2204 514 2281 τήν
534 2210 563 2263 ἐν
578 2204 704 2282 Πηδάσῳ
718 2204 791 2263 ὁδόν·
814 2208 841 2265 ἐς
860 2203 912 2280 τήν
934 2210 977 2280 ἐμ-

177 2295 312 2357 πεσόντες
329 2297 355 2352 οἱ
369 2295 481 2370 Πέρσαι
501 2291 599 2354 νυκτός
620 2293 813 2368 διεφθάρησαν
834 2293 879 2350 καὶ
901 2291 979 2351 αὐτοὶ

179 2383 224 2440 καὶ
239 2385 265 2440 οἱ
278 2381 432 2462 στρατηγοὶ
446 2380 544 2450 αὐτῶν,
560 2381 704 2457 Δαυρίσης
721 2381 766 2438 καὶ
779 2379 920 2462 Ἀμόργης
935 2381 979 2438 καὶ

176 2469 344 2546 ΙΣισιμάκης·
366 2469 419 2528 σύν
437 2469 468 2527 δέ
486 2476 541 2544 σφι
562 2467 682 2528 α’πέθανε
703 2469 747 2526 καὶ
762 2467 881 2544 Μύρσος
899 2467 979 2527 ὁΓύ-

177 2583 241 2638 γεω.
282 2560 332 2615 τοῦ
350 2556 380 2614 δέ
400 2556 489 2634 λόχου
507 2555 608 2616 τούτου
623 2555 734 2636 ήγεμών
747 2555 782 2631 ἦν
795 2554 980 2632 Ἡρακλειδης

177 2644 351 2720 Ἰβανόλιος,
376 2643 445 2720 α’νήρ
469 2641 633 2705 Μυλασεύς.
676 2641 752 2702 οὗτοι
779 2643 831 2719 μέν
854 2667 903 2703 νυν
925 2649 980 2704 τῶν

181 2734 314 2808 Περσέων
335 2731 405 2791 οὕτω
427 2731 628 2808 διεφθάρησαν.

133 2824 189 2882 122
231 2820 332 2899 Ὑμέης
346 2821 384 2890 δὲ,
399 2821 444 2879 καὶ
459 2819 541 2883 αύτδς
556 2819 607 2879 ἐιδν
622 2824 677 2879 τῶν
698 2817 896 2888 ἐπιδιωξάντων
916 2820 980 2882 τούς

179 2914 206 2974 ἐς
229 2909 328 2986 Σάρδις
348 2909 607 2985 στρατευσαμένους
628 2908 734 2976 Ἰώνων,
759 2906 933 2984 τραπόμενος
954 2914 981 2970 ἐς

179 2998 230 3074 τήν
244 2998 423 3076 Προποντιδα
437 2997 494 3055 εἷλε
509 3001 580 3056 Κῖον
596 2995 647 3072 τήν
662 2995 787 3071 Μυσίην.
828 2996 931 3072 ταύτην
951 2992 980 3054 δὲ

181 3087 288 3157 ἐξελᾶν,
305 3085 339 3149 ιός
358 3085 473 3146 ἐπύθετο
492 3085 541 3145 τόν
553 3084 770 3160 Ἑλλήσποντον
788 3085 980 3144 ἐκλελοιπέναι

182 3177 324 3253 Δαυρίσην
340 3175 385 3234 καὶ
403 3173 606 3251 στρατεύεσθαι
628 3175 673 3232 ἐπὶ
688 3173 803 3249 Καρίης,
819 3172 980 3232 καταλιπων

180 3264 231 3338 τήν
258 3264 437 3341 Προποντίδα
465 3264 510 3321 ἐπὶ
536 3262 585 3322 τόν
611 3260 827 3336 Ἑλλήσποντον
853 3259 906 3338 ἦγε
931 3257 981 3319 τόν

182 3352 311 3427 στρατόν·
341 3353 385 3410 καὶ
408 3353 465 3411 εἷλε
488 3354 540 3428 μὲν
564 3351 683 3412 Αἰολέας
710 3349 815 3410 πάντας
838 3345 902 3405 ὅσοι
