<?xml version="1.0" encoding="UTF-8"?>
<!DOCTYPE html PUBLIC "-//W3C//DTD XHTML 1.0 Transitional//EN"
    "http://www.w3.org/TR/xhtml1/DTD/xhtml1-transitional.dtd">
<html xmlns="http://www.w3.org/1999/xhtml" xml:lang="en" lang="en">
 <head>
  <title>
</title>
<meta http-equiv="Content-Type" content="text/html;charset=utf-8" />
  <meta name='ocr-system' content='tesseract 3.04.00' />
  <meta name='ocr-capabilities' content='ocr_page ocr_carea ocr_par ocr_line ocrx_word'/>
</head>
<body>
  <div class='ocr_page' id='page_1' title='image "./herodotusrecens02blakgoog_0103.png"; bbox 0 0 2276 3538; ppageno 0'>
   <div class='ocr_carea' id='block_1_1' title="bbox 154 161 957 3462">
    <p class='ocr_par' dir='ltr' id='par_1_1' title="bbox 154 161 957 3462">
     <span class='ocr_line' id='line_1_1' title="bbox 156 161 953 247; baseline -0.005 -18"><span class='ocrx_word' id='word_1_1' title='bbox 156 185 194 242; x_wconf 78' lang='grc' dir='ltr'>ιο,</span> <span class='ocrx_word' id='word_1_2' title='bbox 209 182 252 247; x_wconf 81' lang='grc' dir='ltr'>ιο]</span> <span class='ocrx_word' id='word_1_3' title='bbox 409 203 411 208; x_wconf 65' lang='lat'>,</span> <span class='ocrx_word' id='word_1_4' title='bbox 498 181 610 228; x_wconf 75' lang='grc' dir='ltr'>ανιτα.</span> <span class='ocrx_word' id='word_1_5' title='bbox 796 161 800 168; x_wconf 84' lang='grc'><strong>’</strong></span> <span class='ocrx_word' id='word_1_6' title='bbox 831 243 832 246; x_wconf 9' lang='lat'>¹</span> <span class='ocrx_word' id='word_1_7' title='bbox 922 180 953 226; x_wconf 83' lang='lat'>93</span> 
     </span>
     <span class='ocr_line' id='line_1_2' title="bbox 156 259 955 337; baseline -0.001 -18"><span class='ocrx_word' id='word_1_8' title='bbox 156 260 333 324; x_wconf 77' lang='grc' dir='ltr'>ἀποδιδόντες</span> <span class='ocrx_word' id='word_1_9' title='bbox 355 262 463 321; x_wconf 79' lang='grc' dir='ltr'>ποιέετε</span> <span class='ocrx_word' id='word_1_10' title='bbox 486 261 561 331; x_wconf 86' lang='grc' dir='ltr'>ὅσια,</span> <span class='ocrx_word' id='word_1_11' title='bbox 587 261 632 319; x_wconf 86' lang='grc' dir='ltr'>καὶ</span> <span class='ocrx_word' id='word_1_12' title='bbox 655 286 695 337; x_wconf 89' lang='grc' dir='ltr'>μη</span> <span class='ocrx_word' id='word_1_13' title='bbox 720 259 896 322; x_wconf 78' lang='grc' dir='ltr'>ἀποδιδόντες</span> <span class='ocrx_word' id='word_1_14' title='bbox 919 259 955 319; x_wconf 81' lang='grc' dir='ltr'>τά</span> 
     </span>
     <span class='ocr_line' id='line_1_3' title="bbox 157 349 954 427; baseline 0 -20"><span class='ocrx_word' id='word_1_15' title='bbox 157 351 265 409; x_wconf 91' lang='grc' dir='ltr'>ἐναντία</span> <span class='ocrx_word' id='word_1_16' title='bbox 277 349 389 410; x_wconf 87' lang='grc' dir='ltr'>τούτων·</span> <span class='ocrx_word' id='word_1_17' title='bbox 411 349 504 410; x_wconf 83' lang='grc' dir='ltr'>ὁκοῖον</span> <span class='ocrx_word' id='word_1_18' title='bbox 516 351 612 425; x_wconf 88' lang='grc' dir='ltr'>μέντοι</span> <span class='ocrx_word' id='word_1_19' title='bbox 625 375 653 408; x_wconf 92' lang='grc' dir='ltr'>τι</span> <span class='ocrx_word' id='word_1_20' title='bbox 667 355 696 408; x_wconf 90' lang='grc' dir='ltr'>ἐν</span> <span class='ocrx_word' id='word_1_21' title='bbox 708 354 743 427; x_wconf 75' lang='grc' dir='ltr'>τῇ</span> <span class='ocrx_word' id='word_1_22' title='bbox 757 349 872 426; x_wconf 79' lang='grc' dir='ltr'>Σπάρτῃ</span> <span class='ocrx_word' id='word_1_23' title='bbox 889 374 954 407; x_wconf 93' lang='grc' dir='ltr'>συν-</span> 
     </span>
     <span class='ocr_line' id='line_1_4' title="bbox 156 435 955 518; baseline -0.003 -22"><span class='ocrx_word' id='word_1_24' title='bbox 156 437 269 516; x_wconf 82' lang='grc' dir='ltr'>ηνείχθη</span> <span class='ocrx_word' id='word_1_25' title='bbox 290 438 423 518; x_wconf 88' lang='grc' dir='ltr'>γενέσθαι</span> <span class='ocrx_word' id='word_1_26' title='bbox 447 439 511 514; x_wconf 90' lang='grc' dir='ltr'>περὶ</span> <span class='ocrx_word' id='word_1_27' title='bbox 531 436 702 514; x_wconf 86' lang='grc' dir='ltr'>παραθήκης,</span> <span class='ocrx_word' id='word_1_28' title='bbox 724 436 867 513; x_wconf 81' lang='grc' dir='ltr'>βούλομαι</span> <span class='ocrx_word' id='word_1_29' title='bbox 890 435 955 512; x_wconf 80' lang='grc' dir='ltr'>ύμῖν</span> 
     </span>
     <span class='ocr_line' id='line_1_5' title="bbox 156 524 955 606; baseline -0.001 -23"><span class='ocrx_word' id='word_1_30' title='bbox 156 525 238 584; x_wconf 83' lang='grc' dir='ltr'>εἶπαι.</span> <span class='ocrx_word' id='word_1_31' title='bbox 281 526 401 606; x_wconf 91' lang='grc' dir='ltr'>λέγομεν</span> <span class='ocrx_word' id='word_1_32' title='bbox 421 525 501 602; x_wconf 77' lang='grc' dir='ltr'>ἡμεῖς</span> <span class='ocrx_word' id='word_1_33' title='bbox 523 529 548 584; x_wconf 85' lang='grc' dir='ltr'>οἱ</span> <span class='ocrx_word' id='word_1_34' title='bbox 571 527 753 602; x_wconf 76' lang='grc' dir='ltr'>Σπαρτιῆται,</span> <span class='ocrx_word' id='word_1_35' title='bbox 774 524 906 604; x_wconf 89' lang='grc' dir='ltr'>γενέσθαι</span> <span class='ocrx_word' id='word_1_36' title='bbox 926 528 955 582; x_wconf 89' lang='grc' dir='ltr'>ἐν</span> 
     </span>
     <span class='ocr_line' id='line_1_6' title="bbox 155 610 955 692; baseline -0.004 -20"><span class='ocrx_word' id='word_1_37' title='bbox 155 617 190 692; x_wconf 81' lang='grc' dir='ltr'>τῇ</span> <span class='ocrx_word' id='word_1_38' title='bbox 212 614 397 689; x_wconf 87' lang='grc' dir='ltr'>Λακεδαίμονι</span> <span class='ocrx_word' id='word_1_39' title='bbox 421 613 491 672; x_wconf 86' lang='grc' dir='ltr'>κατά</span> <span class='ocrx_word' id='word_1_40' title='bbox 514 613 610 690; x_wconf 84' lang='grc' dir='ltr'>τρίτην</span> <span class='ocrx_word' id='word_1_41' title='bbox 630 612 728 692; x_wconf 71' lang='grc' dir='ltr'>γενεην</span> <span class='ocrx_word' id='word_1_42' title='bbox 749 611 802 687; x_wconf 75' lang='grc' dir='ltr'>τήν</span> <span class='ocrx_word' id='word_1_43' title='bbox 823 610 870 669; x_wconf 83' lang='grc' dir='ltr'>ἀπ’</span> <span class='ocrx_word' id='word_1_44' title='bbox 891 611 955 686; x_wconf 89' lang='grc' dir='ltr'>ἐμέο</span> 
     </span>
     <span class='ocr_line' id='line_1_7' title="bbox 156 699 956 776; baseline -0.003 -17"><span class='ocrx_word' id='word_1_45' title='bbox 156 705 284 762; x_wconf 83' lang='grc' dir='ltr'>Γλαῦκον</span> <span class='ocrx_word' id='word_1_46' title='bbox 296 700 457 764; x_wconf 75' lang='grc' dir='ltr'>Ἐπικύδεος</span> <span class='ocrx_word' id='word_1_47' title='bbox 471 702 566 760; x_wconf 84' lang='grc' dir='ltr'>παῖδα·</span> <span class='ocrx_word' id='word_1_48' title='bbox 587 705 687 760; x_wconf 82' lang='grc' dir='ltr'>τοῦτον</span> <span class='ocrx_word' id='word_1_49' title='bbox 701 700 750 760; x_wconf 87' lang='grc' dir='ltr'>τάν</span> <span class='ocrx_word' id='word_1_50' title='bbox 763 699 849 776; x_wconf 84' lang='grc' dir='ltr'>ἀνδρα</span> <span class='ocrx_word' id='word_1_51' title='bbox 863 700 956 774; x_wconf 75' lang='grc' dir='ltr'>φαμὲν</span> 
     </span>
     <span class='ocr_line' id='line_1_8' title="bbox 154 787 956 866; baseline -0.005 -18"><span class='ocrx_word' id='word_1_52' title='bbox 154 788 239 848; x_wconf 83' lang='grc' dir='ltr'>τότε</span> <span class='ocrx_word' id='word_1_53' title='bbox 258 789 334 848; x_wconf 81' lang='grc' dir='ltr'>ἀλλα</span> <span class='ocrx_word' id='word_1_54' title='bbox 354 788 446 848; x_wconf 81' lang='grc' dir='ltr'>πάντα</span> <span class='ocrx_word' id='word_1_55' title='bbox 466 788 606 866; x_wconf 84' lang='grc' dir='ltr'>περιήκειν</span> <span class='ocrx_word' id='word_1_56' title='bbox 626 789 661 848; x_wconf 82' lang='grc' dir='ltr'>τά</span> <span class='ocrx_word' id='word_1_57' title='bbox 681 793 786 865; x_wconf 79' lang='grc' dir='ltr'>πρῶτα,</span> <span class='ocrx_word' id='word_1_58' title='bbox 801 787 847 846; x_wconf 81' lang='grc' dir='ltr'>καὶ</span> <span class='ocrx_word' id='word_1_59' title='bbox 861 787 895 862; x_wconf 74' lang='grc' dir='ltr'>δή</span> <span class='ocrx_word' id='word_1_60' title='bbox 910 787 956 844; x_wconf 79' lang='grc' dir='ltr'>καὶ</span> 
     </span>
     <span class='ocr_line' id='line_1_9' title="bbox 155 874 955 954; baseline -0.003 -19"><span class='ocrx_word' id='word_1_61' title='bbox 155 875 263 938; x_wconf 90' lang='grc' dir='ltr'>ἀκούειν</span> <span class='ocrx_word' id='word_1_62' title='bbox 283 875 386 954; x_wconf 86' lang='grc' dir='ltr'>ἀριστα</span> <span class='ocrx_word' id='word_1_63' title='bbox 408 876 583 952; x_wconf 78' lang='grc' dir='ltr'>δικαιοσύνης</span> <span class='ocrx_word' id='word_1_64' title='bbox 604 878 668 954; x_wconf 88' lang='grc' dir='ltr'>πέρι</span> <span class='ocrx_word' id='word_1_65' title='bbox 688 876 799 936; x_wconf 87' lang='grc' dir='ltr'>πάντων</span> <span class='ocrx_word' id='word_1_66' title='bbox 820 875 884 934; x_wconf 84' lang='grc' dir='ltr'>ὅσοι</span> <span class='ocrx_word' id='word_1_67' title='bbox 904 874 955 949; x_wconf 74' lang='grc' dir='ltr'>τήν</span> 
     </span>
     <span class='ocr_line' id='line_1_10' title="bbox 154 963 954 1042; baseline 0 -19"><span class='ocrx_word' id='word_1_68' title='bbox 154 967 348 1042; x_wconf 88' lang='grc' dir='ltr'>Λακεδαίμονα</span> <span class='ocrx_word' id='word_1_69' title='bbox 363 969 462 1024; x_wconf 84' lang='grc' dir='ltr'>τοῦτον</span> <span class='ocrx_word' id='word_1_70' title='bbox 475 965 524 1024; x_wconf 85' lang='grc' dir='ltr'>τάν</span> <span class='ocrx_word' id='word_1_71' title='bbox 537 965 638 1042; x_wconf 89' lang='grc' dir='ltr'>χρόνον</span> <span class='ocrx_word' id='word_1_72' title='bbox 657 965 756 1024; x_wconf 82' lang='grc' dir='ltr'>οἴκεον·</span> <span class='ocrx_word' id='word_1_73' title='bbox 778 963 954 1041; x_wconf 85' lang='grc' dir='ltr'>συνενειχθῆ-</span> 
     </span>
     <span class='ocr_line' id='line_1_11' title="bbox 156 1051 955 1133; baseline -0.005 -21"><span class='ocrx_word' id='word_1_74' title='bbox 156 1078 200 1112; x_wconf 89' lang='grc' dir='ltr'>ναι</span> <span class='ocrx_word' id='word_1_75' title='bbox 222 1055 252 1112; x_wconf 88' lang='grc' dir='ltr'>δέ</span> <span class='ocrx_word' id='word_1_76' title='bbox 270 1057 296 1112; x_wconf 82' lang='grc' dir='ltr'>οἱ</span> <span class='ocrx_word' id='word_1_77' title='bbox 315 1059 343 1112; x_wconf 87' lang='grc' dir='ltr'>ἐν</span> <span class='ocrx_word' id='word_1_78' title='bbox 361 1052 452 1132; x_wconf 83' lang='grc' dir='ltr'>χρόνῳ</span> <span class='ocrx_word' id='word_1_79' title='bbox 471 1053 616 1131; x_wconf 72' lang='grc' dir='ltr'>ἱκνευμένῳ</span> <span class='ocrx_word' id='word_1_80' title='bbox 636 1053 702 1112; x_wconf 83' lang='grc' dir='ltr'>τάδε</span> <span class='ocrx_word' id='word_1_81' title='bbox 718 1053 847 1133; x_wconf 87' lang='grc' dir='ltr'>λέγομεν·</span> <span class='ocrx_word' id='word_1_82' title='bbox 869 1051 955 1127; x_wconf 84' lang='grc' dir='ltr'>ἀνδρα</span> 
     </span>
     <span class='ocr_line' id='line_1_12' title="bbox 158 1138 954 1217; baseline 0 -21"><span class='ocrx_word' id='word_1_83' title='bbox 158 1141 302 1214; x_wconf 83' lang='grc' dir='ltr'>Μιλήσιον</span> <span class='ocrx_word' id='word_1_84' title='bbox 315 1140 481 1216; x_wconf 85' lang='grc' dir='ltr'>ἀπικόμενον</span> <span class='ocrx_word' id='word_1_85' title='bbox 496 1145 522 1201; x_wconf 87' lang='grc' dir='ltr'>ἐς</span> <span class='ocrx_word' id='word_1_86' title='bbox 538 1138 670 1217; x_wconf 75' lang='grc' dir='ltr'>Σπάρτην</span> <span class='ocrx_word' id='word_1_87' title='bbox 683 1139 842 1216; x_wconf 82' lang='grc' dir='ltr'>βούλεσθαι</span> <span class='ocrx_word' id='word_1_88' title='bbox 863 1143 889 1197; x_wconf 82' lang='grc' dir='ltr'>οἱ</span> <span class='ocrx_word' id='word_1_89' title='bbox 910 1144 954 1197; x_wconf 86' lang='grc' dir='ltr'>ε’λ-</span> 
     </span>
     <span class='ocr_line' id='line_1_13' title="bbox 159 1227 954 1307; baseline 0 -23"><span class='ocrx_word' id='word_1_90' title='bbox 159 1227 217 1285; x_wconf 81' lang='grc' dir='ltr'>θεῖν</span> <span class='ocrx_word' id='word_1_91' title='bbox 233 1233 260 1289; x_wconf 86' lang='grc' dir='ltr'>ἐς</span> <span class='ocrx_word' id='word_1_92' title='bbox 277 1227 386 1307; x_wconf 78' lang='grc' dir='ltr'>λόγους,</span> <span class='ocrx_word' id='word_1_93' title='bbox 406 1227 612 1304; x_wconf 84' lang='grc' dir='ltr'>προϊσχόμενον</span> <span class='ocrx_word' id='word_1_94' title='bbox 633 1227 735 1286; x_wconf 82' lang='grc' dir='ltr'>τοιάδε·</span> <span class='ocrx_word' id='word_1_95' title='bbox 760 1229 815 1303; x_wconf 81' lang='grc' dir='ltr'>εἰμὶ</span> <span class='ocrx_word' id='word_1_96' title='bbox 833 1230 884 1303; x_wconf 80' lang='grc' dir='ltr'>μὲν</span> <span class='ocrx_word' id='word_1_97' title='bbox 900 1233 954 1284; x_wconf 90' lang='grc' dir='ltr'>Μι-</span> 
     </span>
     <span class='ocr_line' id='line_1_14' title="bbox 158 1313 955 1390; baseline 0 -19"><span class='ocrx_word' id='word_1_98' title='bbox 158 1314 266 1388; x_wconf 81' lang='grc' dir='ltr'>λήσιος,</span> <span class='ocrx_word' id='word_1_99' title='bbox 280 1313 337 1390; x_wconf 86' lang='grc' dir='ltr'>ἦκω</span> <span class='ocrx_word' id='word_1_100' title='bbox 356 1315 385 1372; x_wconf 85' lang='grc' dir='ltr'>δὲ</span> <span class='ocrx_word' id='word_1_101' title='bbox 403 1319 453 1389; x_wconf 75' lang='grc' dir='ltr'>τῆς</span> <span class='ocrx_word' id='word_1_102' title='bbox 471 1318 532 1389; x_wconf 82' lang='grc' dir='ltr'>σῆς,</span> <span class='ocrx_word' id='word_1_103' title='bbox 548 1318 665 1383; x_wconf 84' lang='grc' dir='ltr'>Γλαῦκε,</span> <span class='ocrx_word' id='word_1_104' title='bbox 680 1313 854 1389; x_wconf 83' lang='grc' dir='ltr'>βουλόμενος</span> <span class='ocrx_word' id='word_1_105' title='bbox 871 1314 955 1372; x_wconf 91' lang='grc' dir='ltr'>δικαι-</span> 
     </span>
     <span class='ocr_line' id='line_1_15' title="bbox 158 1400 955 1481; baseline 0.001 -22"><span class='ocrx_word' id='word_1_106' title='bbox 158 1401 259 1478; x_wconf 90' lang='grc' dir='ltr'>οσύνης</span> <span class='ocrx_word' id='word_1_107' title='bbox 277 1401 450 1461; x_wconf 68' lang='grc' dir='ltr'>ἀπολαῦσαι*</span> <span class='ocrx_word' id='word_1_108' title='bbox 473 1400 508 1464; x_wconf 82' lang='grc' dir='ltr'>ιύς</span> <span class='ocrx_word' id='word_1_109' title='bbox 520 1401 575 1481; x_wconf 86' lang='grc' dir='ltr'>γάρ</span> <span class='ocrx_word' id='word_1_110' title='bbox 596 1400 630 1476; x_wconf 70' lang='grc' dir='ltr'>δι)</span> <span class='ocrx_word' id='word_1_111' title='bbox 652 1401 704 1460; x_wconf 86' lang='grc' dir='ltr'>ἀνά</span> <span class='ocrx_word' id='word_1_112' title='bbox 722 1405 818 1460; x_wconf 81' lang='grc' dir='ltr'>πᾶσαν</span> <span class='ocrx_word' id='word_1_113' title='bbox 836 1404 887 1478; x_wconf 82' lang='grc' dir='ltr'>μὲν</span> <span class='ocrx_word' id='word_1_114' title='bbox 904 1401 955 1477; x_wconf 74' lang='grc' dir='ltr'>τήν</span> 
     </span>
     <span class='ocr_line' id='line_1_16' title="bbox 157 1487 953 1566; baseline 0 -18"><span class='ocrx_word' id='word_1_115' title='bbox 157 1487 249 1565; x_wconf 85' lang='grc' dir='ltr'>ἀλλην</span> <span class='ocrx_word' id='word_1_116' title='bbox 261 1489 395 1560; x_wconf 88' lang='grc' dir='ltr'>Ἑλλάδα,</span> <span class='ocrx_word' id='word_1_117' title='bbox 411 1494 440 1548; x_wconf 86' lang='grc' dir='ltr'>ἐν</span> <span class='ocrx_word' id='word_1_118' title='bbox 461 1489 490 1548; x_wconf 87' lang='grc' dir='ltr'>δὲ</span> <span class='ocrx_word' id='word_1_119' title='bbox 511 1491 556 1548; x_wconf 82' lang='grc' dir='ltr'>καὶ</span> <span class='ocrx_word' id='word_1_120' title='bbox 569 1490 632 1566; x_wconf 80' lang='grc' dir='ltr'>περὶ</span> <span class='ocrx_word' id='word_1_121' title='bbox 645 1489 757 1564; x_wconf 86' lang='grc' dir='ltr'>Ἰωνίην,</span> <span class='ocrx_word' id='word_1_122' title='bbox 771 1493 821 1564; x_wconf 76' lang='grc' dir='ltr'>τῆς</span> <span class='ocrx_word' id='word_1_123' title='bbox 843 1495 897 1565; x_wconf 79' lang='grc' dir='ltr'>σῆς</span> <span class='ocrx_word' id='word_1_124' title='bbox 916 1489 953 1548; x_wconf 92' lang='grc' dir='ltr'>δι-</span> 
     </span>
     <span class='ocr_line' id='line_1_17' title="bbox 157 1577 951 1658; baseline 0.004 -23"><span class='ocrx_word' id='word_1_125' title='bbox 157 1578 304 1653; x_wconf 86' lang='grc' dir='ltr'>καιοσύνης</span> <span class='ocrx_word' id='word_1_126' title='bbox 317 1577 352 1653; x_wconf 83' lang='grc' dir='ltr'>ἧν</span> <span class='ocrx_word' id='word_1_127' title='bbox 365 1577 451 1658; x_wconf 87' lang='grc' dir='ltr'>λόγος</span> <span class='ocrx_word' id='word_1_128' title='bbox 464 1577 580 1646; x_wconf 77' lang='grc' dir='ltr'>πολλός,</span> <span class='ocrx_word' id='word_1_129' title='bbox 590 1581 714 1656; x_wconf 77' lang='grc' dir='ltr'>ἐμεωυτῷ</span> <span class='ocrx_word' id='word_1_130' title='bbox 726 1577 828 1658; x_wconf 81' lang='grc' dir='ltr'>λόγους</span> <span class='ocrx_word' id='word_1_131' title='bbox 839 1578 951 1647; x_wconf 81' lang='grc' dir='ltr'>ἐδίδουν,</span> 
     </span>
     <span class='ocr_line' id='line_1_18' title="bbox 158 1664 951 1742; baseline 0.003 -19"><span class='ocrx_word' id='word_1_132' title='bbox 158 1666 203 1723; x_wconf 81' lang='grc' dir='ltr'>καὶ</span> <span class='ocrx_word' id='word_1_133' title='bbox 216 1665 258 1726; x_wconf 83' lang='grc' dir='ltr'>ὅτι</span> <span class='ocrx_word' id='word_1_134' title='bbox 273 1664 440 1727; x_wconf 87' lang='grc' dir='ltr'>ἐπικίνδυνός</span> <span class='ocrx_word' id='word_1_135' title='bbox 454 1671 515 1724; x_wconf 91' lang='grc' dir='ltr'>ἐστι</span> <span class='ocrx_word' id='word_1_136' title='bbox 528 1667 584 1724; x_wconf 84' lang='grc' dir='ltr'>αἰεί</span> <span class='ocrx_word' id='word_1_137' title='bbox 595 1691 658 1724; x_wconf 93' lang='grc' dir='ltr'>κοτε</span> <span class='ocrx_word' id='word_1_138' title='bbox 674 1665 693 1741; x_wconf 76' lang='grc' dir='ltr'>η’</span> <span class='ocrx_word' id='word_1_139' title='bbox 707 1667 796 1742; x_wconf 86' lang='grc' dir='ltr'>Ἰωνίη</span> <span class='ocrx_word' id='word_1_140' title='bbox 816 1665 835 1741; x_wconf 76' lang='grc' dir='ltr'>ηε</span> <span class='ocrx_word' id='word_1_141' title='bbox 852 1667 881 1725; x_wconf 83' lang='grc' dir='ltr'>δὲ</span> <span class='ocrx_word' id='word_1_142' title='bbox 895 1673 951 1725; x_wconf 88' lang='grc' dir='ltr'>Πε-</span> 
     </span>
     <span class='ocr_line' id='line_1_19' title="bbox 157 1753 954 1833; baseline 0 -21"><span class='ocrx_word' id='word_1_143' title='bbox 157 1753 332 1829; x_wconf 82' lang='grc' dir='ltr'>λοπόννησος</span> <span class='ocrx_word' id='word_1_144' title='bbox 350 1753 500 1828; x_wconf 77' lang='grc' dir='ltr'>ἀσφαλέως</span> <span class='ocrx_word' id='word_1_145' title='bbox 519 1753 656 1830; x_wconf 79' lang='grc' dir='ltr'>ἱδρυμένη,</span> <span class='ocrx_word' id='word_1_146' title='bbox 671 1755 716 1812; x_wconf 83' lang='grc' dir='ltr'>καὶ</span> <span class='ocrx_word' id='word_1_147' title='bbox 732 1753 802 1812; x_wconf 89' lang='grc' dir='ltr'>διότι</span> <span class='ocrx_word' id='word_1_148' title='bbox 822 1755 954 1833; x_wconf 79' lang='grc' dir='ltr'>χρήματα</span> 
     </span>
     <span class='ocr_line' id='line_1_20' title="bbox 157 1839 954 1920; baseline 0.001 -22"><span class='ocrx_word' id='word_1_149' title='bbox 157 1839 264 1918; x_wconf 82' lang='grc' dir='ltr'>ούδαμά</span> <span class='ocrx_word' id='word_1_150' title='bbox 276 1841 341 1904; x_wconf 84' lang='grc' dir='ltr'>τούς</span> <span class='ocrx_word' id='word_1_151' title='bbox 354 1840 453 1904; x_wconf 81' lang='grc' dir='ltr'>αύτούς</span> <span class='ocrx_word' id='word_1_152' title='bbox 466 1847 527 1900; x_wconf 85' lang='grc' dir='ltr'>ἐστι</span> <span class='ocrx_word' id='word_1_153' title='bbox 540 1841 608 1918; x_wconf 82' lang='grc' dir='ltr'>ὀροῖν</span> <span class='ocrx_word' id='word_1_154' title='bbox 629 1843 751 1920; x_wconf 84' lang='grc' dir='ltr'>ἔχοντας·</span> <span class='ocrx_word' id='word_1_155' title='bbox 772 1841 859 1901; x_wconf 87' lang='grc' dir='ltr'>ταῦτά</span> <span class='ocrx_word' id='word_1_156' title='bbox 872 1868 903 1900; x_wconf 89' lang='grc' dir='ltr'>τε</span> <span class='ocrx_word' id='word_1_157' title='bbox 918 1841 954 1900; x_wconf 86' lang='grc' dir='ltr'>ὧν</span> 
     </span>
     <span class='ocr_line' id='line_1_21' title="bbox 157 1929 954 2010; baseline -0.003 -22"><span class='ocrx_word' id='word_1_158' title='bbox 157 1930 344 2010; x_wconf 77' lang='grc' dir='ltr'>ἐπιλεγομένῳ</span> <span class='ocrx_word' id='word_1_159' title='bbox 363 1929 408 1988; x_wconf 90' lang='grc' dir='ltr'>καὶ</span> <span class='ocrx_word' id='word_1_160' title='bbox 427 1931 623 2008; x_wconf 82' lang='grc' dir='ltr'>βουλευομένῳ</span> <span class='ocrx_word' id='word_1_161' title='bbox 645 1930 720 1998; x_wconf 81' lang='grc' dir='ltr'>ἔδοξέ</span> <span class='ocrx_word' id='word_1_162' title='bbox 738 1956 788 2006; x_wconf 91' lang='grc' dir='ltr'>μοι</span> <span class='ocrx_word' id='word_1_163' title='bbox 801 1929 836 1988; x_wconf 88' lang='grc' dir='ltr'>τά</span> <span class='ocrx_word' id='word_1_164' title='bbox 849 1929 954 2004; x_wconf 81' lang='grc' dir='ltr'>ἡμίσεα</span> 
     </span>
     <span class='ocr_line' id='line_1_22' title="bbox 157 2015 953 2098; baseline -0.011 -17"><span class='ocrx_word' id='word_1_165' title='bbox 157 2015 250 2092; x_wconf 68' lang='grc' dir='ltr'>πάσης</span> <span class='ocrx_word' id='word_1_166' title='bbox 266 2021 316 2092; x_wconf 76' lang='grc' dir='ltr'>τῆς</span> <span class='ocrx_word' id='word_1_167' title='bbox 334 2016 432 2092; x_wconf 85' lang='grc' dir='ltr'>ούσίης</span> <span class='ocrx_word' id='word_1_168' title='bbox 452 2017 682 2098; x_wconf 74' lang='grc' dir='ltr'>ἐξαργυρώσαντα</span> <span class='ocrx_word' id='word_1_169' title='bbox 703 2018 804 2076; x_wconf 84' lang='grc' dir='ltr'>θέσθαι</span> <span class='ocrx_word' id='word_1_170' title='bbox 820 2015 897 2091; x_wconf 89' lang='grc' dir='ltr'>παρά</span> <span class='ocrx_word' id='word_1_171' title='bbox 910 2019 953 2086; x_wconf 57' lang='lat' dir='ltr'>ab,</span> 
     </span>
     <span class='ocr_line' id='line_1_23' title="bbox 158 2102 953 2184; baseline -0.005 -22"><span class='ocrx_word' id='word_1_172' title='bbox 158 2103 187 2162; x_wconf 87' lang='grc' dir='ltr'>ειί</span> <span class='ocrx_word' id='word_1_173' title='bbox 201 2106 404 2184; x_wconf 79' lang='grc' dir='ltr'>ἐξεπισταμένῳ</span> <span class='ocrx_word' id='word_1_174' title='bbox 418 2104 453 2168; x_wconf 81' lang='grc' dir='ltr'>ὥς</span> <span class='ocrx_word' id='word_1_175' title='bbox 465 2131 514 2182; x_wconf 91' lang='grc' dir='ltr'>μοι</span> <span class='ocrx_word' id='word_1_176' title='bbox 528 2107 638 2182; x_wconf 86' lang='grc' dir='ltr'>κείμενα</span> <span class='ocrx_word' id='word_1_177' title='bbox 649 2106 729 2163; x_wconf 84' lang='grc' dir='ltr'>ἔσται</span> <span class='ocrx_word' id='word_1_178' title='bbox 742 2103 819 2179; x_wconf 90' lang='grc' dir='ltr'>παρά</span> <span class='ocrx_word' id='word_1_179' title='bbox 830 2104 878 2162; x_wconf 87' lang='grc' dir='ltr'>σοὶ</span> <span class='ocrx_word' id='word_1_180' title='bbox 889 2102 953 2160; x_wconf 88' lang='grc' dir='ltr'>σόα·</span> 
     </span>
     <span class='ocr_line' id='line_1_24' title="bbox 157 2189 954 2270; baseline -0.006 -19"><span class='ocrx_word' id='word_1_181' title='bbox 157 2191 194 2251; x_wconf 84' lang='grc' dir='ltr'>σύ</span> <span class='ocrx_word' id='word_1_182' title='bbox 208 2192 241 2268; x_wconf 84' lang='grc' dir='ltr'>δή</span> <span class='ocrx_word' id='word_1_183' title='bbox 254 2219 303 2268; x_wconf 90' lang='grc' dir='ltr'>μοι</span> <span class='ocrx_word' id='word_1_184' title='bbox 317 2194 362 2250; x_wconf 86' lang='grc' dir='ltr'>καὶ</span> <span class='ocrx_word' id='word_1_185' title='bbox 379 2193 415 2252; x_wconf 86' lang='grc' dir='ltr'>τά</span> <span class='ocrx_word' id='word_1_186' title='bbox 430 2192 562 2270; x_wconf 80' lang='grc' dir='ltr'>χρήματα</span> <span class='ocrx_word' id='word_1_187' title='bbox 582 2192 658 2259; x_wconf 85' lang='grc' dir='ltr'>δέξαι</span> <span class='ocrx_word' id='word_1_188' title='bbox 678 2191 724 2247; x_wconf 85' lang='grc' dir='ltr'>καὶ</span> <span class='ocrx_word' id='word_1_189' title='bbox 744 2189 809 2248; x_wconf 91' lang='grc' dir='ltr'>τάδε</span> <span class='ocrx_word' id='word_1_190' title='bbox 831 2189 866 2246; x_wconf 91' lang='grc' dir='ltr'>τά</span> <span class='ocrx_word' id='word_1_191' title='bbox 884 2189 954 2264; x_wconf 88' lang='grc' dir='ltr'>σύμ·</span> 
     </span>
     <span class='ocr_line' id='line_1_25' title="bbox 156 2276 952 2357; baseline -0.006 -19"><span class='ocrx_word' id='word_1_192' title='bbox 156 2281 236 2354; x_wconf 86' lang='grc' dir='ltr'>βολα</span> <span class='ocrx_word' id='word_1_193' title='bbox 256 2282 328 2350; x_wconf 80' lang='grc' dir='ltr'>σῶζε</span> <span class='ocrx_word' id='word_1_194' title='bbox 350 2279 458 2357; x_wconf 78' lang='grc' dir='ltr'>λαβών·</span> <span class='ocrx_word' id='word_1_195' title='bbox 479 2279 510 2342; x_wconf 83' lang='grc' dir='ltr'>ἀς</span> <span class='ocrx_word' id='word_1_196' title='bbox 532 2278 554 2336; x_wconf 79' lang='grc' dir='ltr'>δ’</span> <span class='ocrx_word' id='word_1_197' title='bbox 571 2277 604 2336; x_wconf 84' lang='grc' dir='ltr'>ἀν</span> <span class='ocrx_word' id='word_1_198' title='bbox 627 2279 696 2354; x_wconf 84' lang='grc' dir='ltr'>ἔχων</span> <span class='ocrx_word' id='word_1_199' title='bbox 717 2281 804 2336; x_wconf 80' lang='grc' dir='ltr'>ταῦτα</span> <span class='ocrx_word' id='word_1_200' title='bbox 826 2276 952 2355; x_wconf 84' lang='grc' dir='ltr'>ἀπαιτέῃ,</span> 
     </span>
     <span class='ocr_line' id='line_1_26' title="bbox 157 2364 954 2446; baseline 0.001 -20"><span class='ocrx_word' id='word_1_201' title='bbox 157 2367 244 2446; x_wconf 89' lang='grc' dir='ltr'>τούτῳ</span> <span class='ocrx_word' id='word_1_202' title='bbox 254 2367 413 2428; x_wconf 78' lang='grc' dir='ltr'>ἀποδοῦναι·</span> <span class='ocrx_word' id='word_1_203' title='bbox 435 2365 451 2425; x_wconf 88' lang='grc' dir='ltr'>ό</span> <span class='ocrx_word' id='word_1_204' title='bbox 465 2367 516 2442; x_wconf 72' lang='grc' dir='ltr'>μὲν</span> <span class='ocrx_word' id='word_1_205' title='bbox 526 2365 559 2440; x_wconf 78' lang='grc' dir='ltr'><em>δὴ</em></span> <span class='ocrx_word' id='word_1_206' title='bbox 574 2365 629 2424; x_wconf 85' lang='grc' dir='ltr'>ἀπά</span> <span class='ocrx_word' id='word_1_207' title='bbox 639 2364 769 2439; x_wconf 86' lang='grc' dir='ltr'>Μιλήτου</span> <span class='ocrx_word' id='word_1_208' title='bbox 783 2364 855 2440; x_wconf 83' lang='grc' dir='ltr'>ἥκων</span> <span class='ocrx_word' id='word_1_209' title='bbox 868 2365 954 2433; x_wconf 79' lang='grc' dir='ltr'>ξεῖνος</span> 
     </span>
     <span class='ocr_line' id='line_1_27' title="bbox 156 2452 955 2530; baseline -0.001 -16"><span class='ocrx_word' id='word_1_210' title='bbox 156 2461 282 2514; x_wconf 81' lang='grc' dir='ltr'>τοσαῦτα</span> <span class='ocrx_word' id='word_1_211' title='bbox 298 2456 383 2525; x_wconf 83' lang='grc' dir='ltr'>ἔλεξε·</span> <span class='ocrx_word' id='word_1_212' title='bbox 405 2458 533 2515; x_wconf 84' lang='grc' dir='ltr'>Γλαῦκος</span> <span class='ocrx_word' id='word_1_213' title='bbox 553 2454 582 2512; x_wconf 85' lang='grc' dir='ltr'>δὲ</span> <span class='ocrx_word' id='word_1_214' title='bbox 603 2452 714 2522; x_wconf 85' lang='grc' dir='ltr'>ἐδέξατο</span> <span class='ocrx_word' id='word_1_215' title='bbox 727 2453 777 2527; x_wconf 70' lang='grc' dir='ltr'>τὴν</span> <span class='ocrx_word' id='word_1_216' title='bbox 790 2453 955 2530; x_wconf 73' lang='grc' dir='ltr'>παραθήκην</span> 
     </span>
     <span class='ocr_line' id='line_1_28' title="bbox 158 2541 953 2622; baseline 0 -20"><span class='ocrx_word' id='word_1_217' title='bbox 158 2544 204 2602; x_wconf 85' lang='grc' dir='ltr'>ἐπὶ</span> <span class='ocrx_word' id='word_1_218' title='bbox 216 2547 255 2622; x_wconf 76' lang='grc' dir='ltr'>τῷ</span> <span class='ocrx_word' id='word_1_219' title='bbox 268 2545 398 2622; x_wconf 87' lang='grc' dir='ltr'>εἰρημένῳ</span> <span class='ocrx_word' id='word_1_220' title='bbox 412 2541 497 2622; x_wconf 88' lang='grc' dir='ltr'>λόγῳ·</span> <span class='ocrx_word' id='word_1_221' title='bbox 510 2541 612 2619; x_wconf 86' lang='grc' dir='ltr'>χρόνον</span> <span class='ocrx_word' id='word_1_222' title='bbox 626 2541 655 2599; x_wconf 78' lang='grc' dir='ltr'>δὲ</span> <span class='ocrx_word' id='word_1_223' title='bbox 665 2545 777 2600; x_wconf 84' lang='grc' dir='ltr'>πολλοῦ</span> <span class='ocrx_word' id='word_1_224' title='bbox 789 2541 953 2611; x_wconf 87' lang='grc' dir='ltr'>διελθόντος,</span> 
     </span>
     <span class='ocr_line' id='line_1_29' title="bbox 156 2629 953 2708; baseline -0.004 -17"><span class='ocrx_word' id='word_1_225' title='bbox 156 2630 246 2706; x_wconf 81' lang='grc' dir='ltr'>ἦλθον</span> <span class='ocrx_word' id='word_1_226' title='bbox 259 2637 287 2694; x_wconf 86' lang='grc' dir='ltr'>’ἐς</span> <span class='ocrx_word' id='word_1_227' title='bbox 300 2631 351 2707; x_wconf 76' lang='grc' dir='ltr'>τήν</span> <span class='ocrx_word' id='word_1_228' title='bbox 365 2629 496 2708; x_wconf 78' lang='grc' dir='ltr'>Σπάρτην</span> <span class='ocrx_word' id='word_1_229' title='bbox 516 2629 615 2689; x_wconf 88' lang='grc' dir='ltr'>τούτου</span> <span class='ocrx_word' id='word_1_230' title='bbox 635 2634 684 2688; x_wconf 87' lang='grc' dir='ltr'>τοῦ</span> <span class='ocrx_word' id='word_1_231' title='bbox 705 2630 897 2707; x_wconf 88' lang='grc' dir='ltr'>παραθεμένου</span> <span class='ocrx_word' id='word_1_232' title='bbox 917 2630 953 2688; x_wconf 82' lang='grc' dir='ltr'>τά</span> 
     </span>
     <span class='ocr_line' id='line_1_30' title="bbox 156 2717 953 2798; baseline 0 -22"><span class='ocrx_word' id='word_1_233' title='bbox 156 2719 288 2797; x_wconf 79' lang='grc' dir='ltr'>χρήματα</span> <span class='ocrx_word' id='word_1_234' title='bbox 302 2722 328 2777; x_wconf 81' lang='grc' dir='ltr'>οἱ</span> <span class='ocrx_word' id='word_1_235' title='bbox 341 2719 445 2782; x_wconf 84' lang='grc' dir='ltr'>παῖδες·</span> <span class='ocrx_word' id='word_1_236' title='bbox 467 2717 596 2780; x_wconf 82' lang='grc' dir='ltr'>ἐλθόντες</span> <span class='ocrx_word' id='word_1_237' title='bbox 612 2718 641 2776; x_wconf 84' lang='grc' dir='ltr'>δὲ</span> <span class='ocrx_word' id='word_1_238' title='bbox 658 2723 684 2780; x_wconf 89' lang='grc' dir='ltr'>ἐς</span> <span class='ocrx_word' id='word_1_239' title='bbox 697 2717 800 2798; x_wconf 85' lang='grc' dir='ltr'>λόγους</span> <span class='ocrx_word' id='word_1_240' title='bbox 812 2722 850 2796; x_wconf 81' lang='grc' dir='ltr'>τῷ</span> <span class='ocrx_word' id='word_1_241' title='bbox 864 2718 953 2776; x_wconf 87' lang='grc' dir='ltr'>Γλαύ-</span> 
     </span>
     <span class='ocr_line' id='line_1_31' title="bbox 158 2805 953 2886; baseline 0 -21"><span class='ocrx_word' id='word_1_242' title='bbox 158 2833 196 2886; x_wconf 89' lang='grc' dir='ltr'>κῳ</span> <span class='ocrx_word' id='word_1_243' title='bbox 210 2808 256 2865; x_wconf 88' lang='grc' dir='ltr'>καὶ</span> <span class='ocrx_word' id='word_1_244' title='bbox 269 2805 475 2868; x_wconf 88' lang='grc' dir='ltr'>ἀποδεικνύντες</span> <span class='ocrx_word' id='word_1_245' title='bbox 487 2805 523 2864; x_wconf 86' lang='grc' dir='ltr'>τά</span> <span class='ocrx_word' id='word_1_246' title='bbox 536 2807 682 2881; x_wconf 82' lang='grc' dir='ltr'>σύμβολα,</span> <span class='ocrx_word' id='word_1_247' title='bbox 694 2805 825 2865; x_wconf 88' lang='grc' dir='ltr'>ἀπαίτεον</span> <span class='ocrx_word' id='word_1_248' title='bbox 838 2805 872 2865; x_wconf 85' lang='grc' dir='ltr'>τά</span> <span class='ocrx_word' id='word_1_249' title='bbox 886 2805 953 2885; x_wconf 83' lang='grc' dir='ltr'>χρή-</span> 
     </span>
     <span class='ocr_line' id='line_1_32' title="bbox 156 2891 955 2971; baseline -0.001 -18"><span class='ocrx_word' id='word_1_250' title='bbox 156 2920 242 2971; x_wconf 88' lang='grc' dir='ltr'>ματα·</span> <span class='ocrx_word' id='word_1_251' title='bbox 263 2893 279 2953; x_wconf 84' lang='grc' dir='ltr'>ἀ</span> <span class='ocrx_word' id='word_1_252' title='bbox 298 2893 328 2953; x_wconf 84' lang='grc' dir='ltr'>δέ</span> <span class='ocrx_word' id='word_1_253' title='bbox 348 2893 474 2952; x_wconf 86' lang='grc' dir='ltr'>διωθέετο</span> <span class='ocrx_word' id='word_1_254' title='bbox 492 2891 755 2970; x_wconf 86' lang='grc' dir='ltr'>ἀντυποκρινόμενος</span> <span class='ocrx_word' id='word_1_255' title='bbox 767 2893 869 2953; x_wconf 84' lang='grc' dir='ltr'>τοιάδε·</span> <span class='ocrx_word' id='word_1_256' title='bbox 892 2893 955 2952; x_wconf 79' lang='grc' dir='ltr'>οὔτε</span> 
     </span>
     <span class='ocr_line' id='line_1_33' title="bbox 156 2979 955 3061; baseline -0.001 -21"><span class='ocrx_word' id='word_1_257' title='bbox 156 2983 300 3059; x_wconf 86' lang='grc' dir='ltr'>μέμνημαι</span> <span class='ocrx_word' id='word_1_258' title='bbox 319 2981 352 3040; x_wconf 86' lang='grc' dir='ltr'>τό</span> <span class='ocrx_word' id='word_1_259' title='bbox 372 2985 497 3061; x_wconf 80' lang='grc' dir='ltr'>πρῆγμα,</span> <span class='ocrx_word' id='word_1_260' title='bbox 513 2979 575 3040; x_wconf 85' lang='grc' dir='ltr'>ούτε</span> <span class='ocrx_word' id='word_1_261' title='bbox 588 3007 624 3056; x_wconf 87' lang='grc' dir='ltr'>με</span> <span class='ocrx_word' id='word_1_262' title='bbox 637 2983 781 3059; x_wconf 83' lang='grc' dir='ltr'>περιφέρει</span> <span class='ocrx_word' id='word_1_263' title='bbox 795 2981 873 3040; x_wconf 87' lang='grc' dir='ltr'>ούδέν</span> <span class='ocrx_word' id='word_1_264' title='bbox 890 2981 955 3039; x_wconf 82' lang='grc' dir='ltr'>εἶδέ-</span> 
     </span>
     <span class='ocr_line' id='line_1_34' title="bbox 157 3067 955 3148; baseline -0.005 -19"><span class='ocrx_word' id='word_1_265' title='bbox 157 3095 203 3129; x_wconf 90' lang='grc' dir='ltr'>ναι</span> <span class='ocrx_word' id='word_1_266' title='bbox 217 3071 321 3129; x_wconf 88' lang='grc' dir='ltr'>τούτων</span> <span class='ocrx_word' id='word_1_267' title='bbox 338 3073 393 3129; x_wconf 81' lang='grc' dir='ltr'>τῶν</span> <span class='ocrx_word' id='word_1_268' title='bbox 406 3069 483 3144; x_wconf 77' lang='grc' dir='ltr'>ὑμεῖς</span> <span class='ocrx_word' id='word_1_269' title='bbox 503 3070 608 3148; x_wconf 86' lang='grc' dir='ltr'>λέγετε,</span> <span class='ocrx_word' id='word_1_270' title='bbox 622 3069 768 3146; x_wconf 85' lang='grc' dir='ltr'>βούλομαί</span> <span class='ocrx_word' id='word_1_271' title='bbox 785 3093 816 3127; x_wconf 94' lang='grc' dir='ltr'>τε</span> <span class='ocrx_word' id='word_1_272' title='bbox 836 3067 955 3143; x_wconf 87' lang='grc' dir='ltr'>ἀναμνη-</span> 
     </span>
     <span class='ocr_line' id='line_1_35' title="bbox 157 3156 953 3238; baseline -0.003 -22"><span class='ocrx_word' id='word_1_273' title='bbox 157 3158 236 3220; x_wconf 83' lang='grc' dir='ltr'>σθεὶς</span> <span class='ocrx_word' id='word_1_274' title='bbox 256 3159 360 3216; x_wconf 88' lang='grc' dir='ltr'>ποιέειν</span> <span class='ocrx_word' id='word_1_275' title='bbox 380 3160 436 3216; x_wconf 77' lang='grc' dir='ltr'>πᾶν</span> <span class='ocrx_word' id='word_1_276' title='bbox 453 3156 486 3215; x_wconf 79' lang='grc' dir='ltr'>τό</span> <span class='ocrx_word' id='word_1_277' title='bbox 510 3156 624 3216; x_wconf 88' lang='grc' dir='ltr'>δίκαιον·</span> <span class='ocrx_word' id='word_1_278' title='bbox 652 3157 698 3214; x_wconf 89' lang='grc' dir='ltr'>καὶ</span> <span class='ocrx_word' id='word_1_279' title='bbox 720 3157 775 3238; x_wconf 83' lang='grc' dir='ltr'>γάρ</span> <span class='ocrx_word' id='word_1_280' title='bbox 795 3160 818 3214; x_wconf 82' lang='grc' dir='ltr'>εἰ</span> <span class='ocrx_word' id='word_1_281' title='bbox 840 3157 953 3229; x_wconf 83' lang='grc' dir='ltr'>ἔλαβον,</span> 
     </span>
     <span class='ocr_line' id='line_1_36' title="bbox 157 3242 956 3325; baseline -0.006 -19"><span class='ocrx_word' id='word_1_282' title='bbox 157 3243 246 3322; x_wconf 81' lang='grc' dir='ltr'>ὄρθῶς</span> <span class='ocrx_word' id='word_1_283' title='bbox 264 3245 424 3304; x_wconf 84' lang='grc' dir='ltr'>ἀποδοῦναι·</span> <span class='ocrx_word' id='word_1_284' title='bbox 446 3245 491 3302; x_wconf 80' lang='grc' dir='ltr'>καὶ</span> <span class='ocrx_word' id='word_1_285' title='bbox 513 3245 537 3302; x_wconf 82' lang='grc' dir='ltr'>εἴ</span> <span class='ocrx_word' id='word_1_286' title='bbox 557 3271 590 3325; x_wconf 91' lang='grc' dir='ltr'>γε</span> <span class='ocrx_word' id='word_1_287' title='bbox 609 3244 700 3322; x_wconf 75' lang='grc' dir='ltr'>ἀρχὴν</span> <span class='ocrx_word' id='word_1_288' title='bbox 720 3243 760 3319; x_wconf 82' lang='grc' dir='ltr'>μὴ</span> <span class='ocrx_word' id='word_1_289' title='bbox 780 3243 894 3316; x_wconf 81' lang='grc' dir='ltr'>ἔλαβον,</span> <span class='ocrx_word' id='word_1_290' title='bbox 913 3242 956 3301; x_wconf 88' lang='grc' dir='ltr'>νό-·</span> 
     </span>
     <span class='ocr_line' id='line_1_37' title="bbox 158 3329 957 3411; baseline -0.004 -19"><span class='ocrx_word' id='word_1_291' title='bbox 158 3359 239 3411; x_wconf 83' lang='grc' dir='ltr'>μοισι</span> <span class='ocrx_word' id='word_1_292' title='bbox 258 3335 335 3392; x_wconf 79' lang='grc' dir='ltr'>τοῖσι</span> <span class='ocrx_word' id='word_1_293' title='bbox 349 3331 493 3408; x_wconf 80' lang='grc' dir='ltr'>Ἑλλήνων</span> <span class='ocrx_word' id='word_1_294' title='bbox 506 3333 651 3410; x_wconf 64' lang='grc' dir='ltr'>χρίσομαι</span> <span class='ocrx_word' id='word_1_295' title='bbox 665 3336 691 3392; x_wconf 89' lang='grc' dir='ltr'>ἐς</span> <span class='ocrx_word' id='word_1_296' title='bbox 704 3330 798 3407; x_wconf 83' lang='grc' dir='ltr'>ύμέας·</span> <span class='ocrx_word' id='word_1_297' title='bbox 819 3333 907 3388; x_wconf 84' lang='grc' dir='ltr'>ταῦτα</span> <span class='ocrx_word' id='word_1_298' title='bbox 921 3329 957 3389; x_wconf 80' lang='grc' dir='ltr'>ὧν</span> 
     </span>
     <span class='ocr_line' id='line_1_38' title="bbox 170 3415 252 3462; baseline -0.012 0"><span class='ocrx_word' id='word_1_299' title='bbox 170 3415 193 3462; x_wconf 84' lang='grc' dir='ltr'>Π</span> <span class='ocrx_word' id='word_1_300' title='bbox 229 3417 252 3454; x_wconf 50' lang='grc' dir='ltr'>-θ</span> 
     </span>
    </p>
   </div>
   <div class='ocr_carea' id='block_1_2' title="bbox 0 0 1143 3538">
    <p class='ocr_par' dir='ltr' id='par_1_2' title="bbox 0 0 1143 3538">
     <span class='ocr_line' id='line_1_39' title="bbox 0 0 1143 3538; baseline 0 0"><span class='ocrx_word' id='word_1_301' title='bbox 0 0 1143 3538; x_wconf 95' lang='lat' dir='ltr'> </span> 
     </span>
    </p>
   </div>
  </div>
 </body>
</html>
