2276 3538
162 156 303 221 ιιι-ιω]
501 155 614 206 mm.
908 155 955 204 117

157 237 295 314 προτέρου
307 233 411 294 τούτων
423 234 456 294 τό
470 233 625 315 ἐργάσαντο
639 236 668 292 αἶ
680 237 806 314 γυναῖκες
817 229 883 296 τούς
898 230 956 308 ἅμα

158 323 261 383 Θόαντι
281 321 381 399 ἄνδρας
401 324 555 399 σφετέρους
575 321 782 391 ἀποκτείνασαι,
796 319 957 398 νενόμισται

158 409 210 469 α’νοὶ
230 409 281 486 τήν
299 409 426 468 Ἑλλάδα
447 409 481 468 ταὶ
504 410 625 488 σχέτλια
647 409 713 488 ἔργα
734 409 825 467 πάντα
842 408 953 484 Λήμνια

158 499 319 558 καλέεσθαι.
363 497 559 558 Ἀποκτείνασι
592 497 621 556 δὲ
649 501 725 555 τοῖσι
753 498 1001 575 Πελασγοῖσι139

156 585 221 649 τούς
243 587 396 663 σφετέρους
419 584 520 648 παῖδάς
541 611 573 644 τε
597 586 642 643 καὶ
665 587 802 664 γυναῖκας,
828 582 889 642 οὔτε
916 586 953 662 γῆ

157 673 265 749 καρπόν
283 676 365 751 ἔφερε
384 672 446 734 ούτε
463 673 590 753 γυναῖκές
607 694 637 731 ’τε
656 673 701 730 καὶ
721 676 837 749 ποῖμναι
856 670 955 747 ὁμοίως

157 762 262 821 ἔτικτον
274 763 319 821 καὶ
329 763 385 838 πρό
395 767 454 820 τοῦ·
472 761 629 838 πιεζόμενοι
643 761 672 820 δὲ
685 765 759 839 λιμῷ
770 786 801 820 τε
816 760 861 818 καὶ
874 758 954 818 ἆται·

157 849 209 928 δίῃ,
222 855 248 912 ἐς
259 850 392 926 Δελφούς
403 851 526 926 ἔπεμπον
539 849 624 908 λύσιν
636 849 697 908 τινὰ
711 849 889 925 αἰτησόμενοι
901 852 956 907 τῶν

156 938 314 1012 παρεόντων
332 942 430 996 κακῶν·
451 937 470 1013 ή
487 937 517 995 δὲ
530 938 624 1013 Πυθίη
645 939 737 1012 σφέας
753 939 860 996 ἐκέλευε
872 936 955 1012 Ἀθη-

156 1026 261 1084 ναίοισι
282 1026 358 1089 δίκας
372 1025 476 1085 διδόναι
488 1025 590 1088 ταύτας
602 1025 652 1088 τὰς
665 1024 699 1084 ἂν
715 1025 793 1084 αύτοὶ
812 1024 956 1100 Ἀθηναῖοι

157 1112 303 1172 δικάσωσι·
324 1113 414 1190 ἦλθόν
427 1139 458 1172 τε
472 1113 505 1188 δή
521 1118 548 1176 ε’ς
561 1113 610 1176 τός
622 1113 742 1188 Ἀθήνας
756 1117 782 1171 οἶ
796 1113 953 1192 Πελασγοὶ,

157 1201 204 1257 καὶ
226 1201 301 1264 δίκας
319 1203 528 1283 ἐπαγγέλλοντο
542 1201 714 1276 βουλόμενοι
735 1199 838 1258 διδόναι
851 1199 954 1260 παντός

156 1291 208 1346 τοῦ
225 1287 401 1365 ἀδικήματος·
422 1288 566 1364 Ἀθηναῖοι
581 1288 611 1346 δὲ
625 1293 653 1346 ἐν
666 1291 704 1366 τῷ
717 1287 873 1364 πρυτανηίῳ
895 1287 953 1344 κλί-

156 1401 207 1450 νην
227 1377 404 1454 στρώσαντες
426 1376 461 1439 ιύς
483 1376 559 1454 εἶχον
581 1375 730 1445 κάλλιστα,
751 1375 796 1433 καὶ
816 1374 954 1450 τράπεζαν

156 1465 292 1540 ἐπιπλέην
305 1464 417 1545 ἀγαθῶν
429 1463 539 1524 πόντων
553 1464 728 1540 παραθέντες,
744 1464 870 1521 ἐκέλευον
889 1461 953 1524 τούς

156 1553 326 1632 Πελασγούς
338 1552 391 1628 τήν
403 1552 496 1631 χώρην
509 1552 598 1626 σφίσι
608 1550 787 1626 παραδιδόναι
797 1549 866 1610 οὕτω
877 1551 952 1630 ἐχου-

156 1663 220 1699 σαν·
243 1643 269 1699 οἱ
290 1640 320 1699 δὲ
341 1640 491 1721 Πελασγοὶ
513 1638 707 1715 ὑπολαβόντες
730 1639 818 1698 εἶπαν·
843 1638 952 1698 “ἐπεάν

154 1728 244 1806 βορέῃ
261 1727 352 1808 ἀνέμῳ
366 1726 521 1804 αύτημερδν
535 1731 599 1802 νηῦς
613 1726 732 1806 ἐξανύσῃ
747 1733 776 1786 ἐκ
789 1731 839 1802 τῆς
859 1726 951 1803 ύμετέ-

154 1841 205 1892 ρης
228 1821 256 1878 ἐς
278 1815 330 1892 τήν
350 1815 494 1893 ἡμετέρην,
516 1814 580 1875 τότε
601 1814 829 1893 παραδύσομεν·”
868 1821 951 1874 τοῦτο

156 1902 244 1973 εἶπαν,
265 1903 445 1980 ἐπιστάμενοι
465 1907 547 1962 τοῦτο
572 1902 640 1962 εἶναι
659 1901 791 1962 ἀδύνατον
811 1904 951 1983 γενέσθαι·

155 1989 174 2065 ή
190 1991 244 2071 γόρ
257 1989 370 2066 Ἀττική
386 1991 456 2067 πρός
469 1991 550 2050 νότον
571 1992 661 2050 κέεται
681 1991 791 2050 πολλόν
811 1995 861 2065 τῆς
874 1990 951 2066 Λήμ-

155 2093 213 2138 νου.
253 2080 317 2139 τότε
336 2082 388 2156 μὲν
403 2083 538 2139 τοσαῦτα·
560 2081 635 2138 ἔτεσι
648 2079 678 2136 δέ
692 2077 779 2154 κόρτα
792 2081 930 2136 πολλοῖσι
942 2081 999 2135 140

154 2164 272 2244 ὕστερον
291 2167 403 2237 τούτων,
418 2167 453 2230 ὦς
472 2167 491 2242 ἦ
505 2166 687 2244 Χερσόνησος
700 2164 718 2238 ἦ
732 2170 761 2223 ἐν
773 2163 952 2238 Ἑλλησπόν-

154 2279 193 2333 τῳ
211 2256 318 2335 ἐγένετο
338 2254 383 2314 ὑπ’
401 2255 585 2330 Ἀθηναίοισι,
599 2253 757 2327 Μιλτιάδης
778 2251 794 2311 ό
814 2253 949 2327 Κίμωνος,

156 2344 287 2417 ἐτησιέων
309 2342 415 2418 ἀνέμων
442 2339 650 2416 κατεστηκότων
673 2340 718 2415 νηῒ
742 2339 898 2402 κατανύσας
922 2341 953 2410 ἐξ

154 2427 334 2493 Ἐλαιοῦντος
348 2435 398 2489 τοῦ
419 2435 448 2490 ἐν
461 2428 636 2507 Χερσονήσῳ
653 2433 680 2492 ἐς
693 2432 816 2504 Λῆμνον,
831 2427 950 2508 προηγό-

154 2543 218 2594 ρευε
239 2518 338 2587 ἐξιέναι
360 2524 390 2577 ἐκ
410 2521 461 2593 τῆς
482 2517 570 2592 νήσου
585 2521 662 2576 τοῖσι
681 2520 870 2598 Πελασγοῖσι,
888 2516 951 2575 αἰνα-

154 2604 318 2681 μιμνήσκων
329 2606 420 2680 σφέας
433 2604 466 2664 τό
479 2604 651 2683 χρηστήριον
660 2602 694 2664 τδ
706 2603 814 2680 ούδαμό
826 2603 952 2680 ἤλπισαν

155 2693 244 2766 σφίσι
258 2695 284 2751 οἶ
298 2692 447 2773 Πελασγοὶ
461 2692 662 2751 ἐπιτελέεσθαι.
702 2691 884 2768 Ἡφαιστιέες
901 2694 952 2768 μέν

155 2803 204 2838 νυν
228 2779 380 2840 ἐπείθοντο.
418 2783 568 2856 Μυριναῖοι
592 2779 620 2836 δὲ
642 2778 673 2837 ού
698 2779 953 2860 συγγινωσκόμενοι

141 2865 226 2949 Ιεἶναι
245 2867 296 2942 τήν
310 2866 494 2944 Χερσόνησον
512 2866 642 2941 Ἀττικήν
661 2867 880 2942 ἐπολιορκέοντο,
896 2866 952 2930 ε’ςὸ

156 2953 202 3012 καὶ
222 2952 301 3014 αύτοὶ
321 2955 513 3032 παρέστησαν·
534 2953 605 3014 οὕτω
626 2953 659 3029 δή
675 2953 727 3029 τήν
739 2957 854 3030 Λῆμνον
867 2954 953 3031 ἔσχον

154 3038 302 3168 ἠῗθηηῳῖοί
311 3067 342 3102 τε
356 3041 401 3100 καὶ
415 3040 580 3118 Μιλτιάδης.
