2276 3538
172 181 314 246 ιιι-123]
478 179 665 229 nomm.
927 180 973 232 ιιι

173 263 224 322 θου
238 259 290 320 ὧδε
302 260 470 342 τεταγμένος
483 260 499 322 ό
512 261 633 336 στρατός
647 265 677 319 ἐκ
692 260 834 337 Δορίσκου
847 259 898 336 τήν
909 259 974 320 ὁδόν

174 351 305 409 ἐποιέετο·
327 354 400 428 τρεῖς
421 351 521 428 μοίρας
540 349 556 409 ό
576 349 682 425 Ξέρξης
706 349 863 426 δασάμενος
882 347 974 409 πάντα

130 513 134 519 Δ
172 437 223 497 τόν
235 437 320 509 πεζδν
334 438 464 516 στρατόν,
478 439 545 515 μίαν
558 436 660 496 αύτέων
674 438 752 507 ἔταξε
769 437 846 513 παρά
866 436 974 497 θάλασ·

174 551 230 585 σαν
248 527 317 586 ἱέναι
330 526 402 602 ὁμοῦ
415 531 454 606 τῷ
466 529 592 605 ναυτικῷ·
612 525 714 602 ταύτης
727 528 779 602 μέν
792 525 826 600 δή
840 524 975 602 ἐστρατή-

173 639 239 694 γεον
252 613 411 690 Μαρδόνιός
424 640 455 674 τε
470 615 516 674 καὶ
529 614 692 690 Μασίστης·
708 615 786 690 ἑτέρη
800 613 830 672 δέ
844 613 975 693 τεταγμέ-

174 727 209 777 νη
226 700 269 777 ήῐε
284 706 335 761 τοῦ
355 706 479 778 στρατοῦ
498 701 660 779 τριτημορὶς
674 701 727 778 τήν
746 694 911 782 μεσόγαιαν,
925 704 976 776 τῆς

176 789 364 870 ἐστρατήγεον
386 790 608 868 Τριτανταίχμης
634 815 665 849 τε
693 790 739 848 καὶ
762 790 870 870 Γέργις·
898 785 930 864 η’
944 788 974 847 δὲ

174 877 254 954 τρίτη
274 882 329 937 τῶν
348 878 474 956 μοιρέων,
488 877 547 955 μετ’
561 875 594 953 ἧς
610 877 756 954 ἐπορεύετο
776 876 858 941 αύτός
879 876 974 953 άΞέρ
1011 877 1018 886 ’

176 965 232 1040 ξης,
245 963 289 1040 ἧῖε
309 969 361 1042 μὲν
380 965 413 1026 τό
433 967 523 1042 μέσον
540 964 651 1034 αὐτέων,
667 964 841 1047 στρατηγούς
857 965 887 1024 δὲ
906 991 976 1042 παρ-

174 1054 267 1132 είχετο
281 1053 474 1132 Σμερδομένεά
493 1080 524 1113 τε
545 1053 591 1112 καὶ
605 1053 786 1134 Μεγάβυζον.

216 1139 251 1198 ‘O
264 1142 316 1218 μέν
329 1168 378 1202 νυν
390 1141 517 1206 ναυτικάς
531 1141 652 1218 στρατός
663 1141 698 1204 ιύς
710 1141 811 1217 α’πείθη
824 1140 880 1200 ύπδ
888 1140 955 1217 Ξέρ-
966 1142 1023 1199 122

177 1228 236 1299 ξεω,
259 1231 305 1288 καὶ
326 1229 496 1300 διεξέπλωσε
516 1229 568 1305 τήν
589 1228 710 1308 διώρυχα
725 1229 777 1304 τήν
799 1234 828 1288 ἐν
845 1231 884 1307 τῷ
899 1226 976 1306 Ἄθῳ

179 1319 328 1398 γενομένην
345 1318 495 1398 διέχουσαν
513 1318 543 1377 δὲ
561 1323 589 1381 ἐς
607 1317 715 1376 κόλπον
733 1323 763 1376 ἐν
782 1320 821 1395 τῷ
834 1315 934 1376 'Aona
947 1341 978 1374 τε

179 1405 260 1469 πόλις
279 1407 323 1465 καὶ
339 1407 469 1485 Πίλωρος
490 1407 535 1466 καὶ
549 1407 653 1486 Σίγγος
667 1405 713 1464 καὶ
727 1404 822 1482 Σάρτη
843 1405 977 1481 οἴκηνται·

180 1494 311 1566 ἐνθεῦτεν,
325 1493 360 1557 ὦς
382 1496 428 1553 καὶ
450 1500 480 1553 ἐκ
501 1493 619 1553 τουτέων
639 1497 694 1553 τῶν
714 1495 820 1553 πολίων
842 1491 978 1570 στρατιήν

178 1584 334 1659 παρέλαβε,
349 1583 431 1642 ἔπλεε
444 1582 591 1660 α’πιέμενος
604 1586 632 1645 ἐς
644 1582 694 1642 τόν
706 1585 847 1660 Θερμαῖον
860 1579 977 1650 κόλπον,

179 1669 310 1746 κάμπτων
326 1669 356 1728 δὲ
370 1670 518 1746 Ἀμπελον
537 1671 590 1746 τὴν
603 1671 761 1748 Τορωναίην
781 1669 876 1746 ἄκρην,
890 1695 977 1746 παρα·
1011 1679 1014 1686 ’

179 1759 295 1834 μείβετο
307 1757 474 1833 Ἑλληνίδας
493 1758 581 1819 τάσδε
600 1758 684 1822 πόλις
698 1764 728 1818 ἐκ
740 1762 796 1819 τῶν
813 1759 876 1821 νέας
888 1783 919 1818 τε
933 1757 979 1816 καὶ

179 1846 315 1923 στρατιήν
330 1847 544 1924 παρελάμβανε
565 1847 701 1924 Τορώνην,
716 1846 860 1924 Γαληψόν,
874 1846 979 1923 Σερμύ-

180 1939 241 2009 λην,
256 1934 455 2011 Μηκύβερναν,
468 1935 620 1995 Ὄλυνθον·
641 1935 725 2012 ἠμέν
744 1961 792 1995 νυν
811 1934 889 2013 χώρη
910 1933 979 2010 αὕτη

181 2023 300 2098 Σιθωνίη
318 2024 456 2082 καλέεται.
497 2022 531 2083 ‘0
546 2024 578 2095 δὲ,
588 2023 714 2086 ναυτικάς
727 2023 848 2099 στρατός
862 2022 877 2081 ὁ
892 2024 1026 2098 Hip-123

181 2110 240 2180 ξεω,
268 2110 431 2186 συντάμνων
458 2110 506 2170 άπ’
530 2110 675 2187 Ἀμπέλου
702 2111 787 2188 ἄκρης
815 2110 860 2168 ἐπὶ
884 2109 977 2169 Κανά-

182 2223 298 2276 στραιον
316 2198 410 2275 ἄκρην,
426 2199 460 2260 τό
479 2199 513 2275 δή
532 2199 627 2275 πάσης
646 2202 696 2274 τῆς
712 2197 868 2274 Παλλήνης
887 2197 982 2276 α’νέχει

182 2286 317 2363 μάλιστα,
339 2288 463 2348 ἐνθεῦτεν
484 2288 547 2349 νέας
566 2313 597 2346 τε
617 2288 663 2346 καὶ
682 2285 816 2364 στρατιήν
837 2285 981 2363 παρελάμ-

182 2376 253 2450 βανε
272 2381 301 2436 ἐκ
323 2375 482 2451 Ποτιδαίης,
501 2375 546 2434 καὶ
558 2374 700 2451 Ἀφύτιος,
716 2374 761 2433 καὶ
775 2375 850 2450 Νέης
864 2373 981 2444 Πύλιος,

183 2463 229 2523 καὶ
248 2467 345 2544 Αἰγῆς,
362 2464 408 2522 καὶ
421 2462 570 2540 Θεράμβω,
585 2463 631 2522 καὶ
645 2462 775 2539 Σκιώνης,
795 2463 842 2523 καὶ
862 2461 982 2539 Μένδης,

184 2552 229 2610 καὶ
250 2552 349 2628 Σάνης·
377 2549 458 2612 αὗται
478 2551 533 2634 γάρ
557 2557 612 2611 εἰσι
634 2555 663 2610 αἱ
683 2551 735 2627 τήν
756 2556 804 2614 νῦν
825 2550 983 2628 Παλλήνην

183 2639 318 2718 πρότερον
330 2641 360 2700 δέ
373 2642 502 2722 Φλέγρην
515 2640 686 2717 καλεομένην
699 2640 857 2718 νεμόμεναι.
893 2665 983 2718 παρα·

183 2730 276 2789 πλέων
297 2729 327 2790 δέ
349 2730 395 2788 καὶ
412 2731 516 2805 ταύτην
532 2729 584 2805 τήν
601 2727 695 2808 χιύρην
715 2730 798 2788 ἔπλεε
819 2734 846 2792 ἐς
863 2729 897 2789 τό
912 2755 981 2806 προ-

185 2819 335 2894 ειρημένον,
365 2817 596 2895 παραλαμβάνων
626 2817 761 2894 στρατιήν
794 2820 839 2876 καὶ
870 2822 900 2876 ἐκ
928 2821 984 2876 τῶν

184 2904 346 2984 προσεχέων
366 2907 472 2966 πολίων
492 2909 528 2984 τῇ
550 2905 700 2985 Παλλήνη,
722 2905 931 2982 ὁμουρεουσέων
952 2904 983 2962 δέ

184 2997 222 3072 τῷ
234 2996 362 3073 Θερμαίῳ
383 2995 487 3074 κόλπῳ,
507 2998 576 3073 τῇσι
594 2994 735 3072 ούνόματά
756 2999 818 3052 ἐστι
837 2993 913 3050 τάδε·
934 2993 983 3050 Λί-

184 3083 280 3152 παξος,
302 3083 466 3160 Κώμβρεια,
485 3085 582 3152 λίσαι,
599 3084 727 3164 Γίγωνος,
746 3080 864 3156 Κάμψα,
880 3081 984 3155 Σμίλα,

185 3171 289 3229 Αἴνεια·
316 3170 335 3245 ἦ
358 3171 387 3229 δὲ
407 3171 524 3230 τουτέων
546 3171 623 3249 χώρη
647 3168 800 3246 Κροσσαίη
824 3167 864 3224 ἐτι
888 3167 934 3224 καὶ
957 3172 985 3230 ές

184 3257 248 3318 τόδε
270 3259 405 3318 καλέεται
448 3257 504 3318 ἀπό
525 3258 555 3318 δὲ
576 3259 693 3332 Αἰνείης,
715 3260 743 3318 ἐς
765 3255 816 3328 τήν
837 3253 986 3314 ἐτελεύτων

186 3347 347 3426 καταλέγων
362 3345 412 3410 τάς
430 3346 521 3416 πόλις,
535 3346 592 3406 ἀπὸ
612 3345 713 3420 ταύτης
733 3341 786 3420 ἤδη
808 3347 834 3405 ἐς
851 3340 934 3402 αὐτόν
954 3370 986 3404 τε
