<?xml version="1.0" encoding="UTF-8"?>
<!DOCTYPE html PUBLIC "-//W3C//DTD XHTML 1.0 Transitional//EN"
    "http://www.w3.org/TR/xhtml1/DTD/xhtml1-transitional.dtd">
<html xmlns="http://www.w3.org/1999/xhtml" xml:lang="en" lang="en">
 <head>
  <title>
</title>
<meta http-equiv="Content-Type" content="text/html;charset=utf-8" />
  <meta name='ocr-system' content='tesseract 3.04.00' />
  <meta name='ocr-capabilities' content='ocr_page ocr_carea ocr_par ocr_line ocrx_word'/>
</head>
<body>
  <div class='ocr_page' id='page_1' title='image "./herodotusrecens02blakgoog_0070.png"; bbox 0 0 2268 3536; ppageno 0'>
   <div class='ocr_carea' id='block_1_1' title="bbox 173 116 1008 3348">
    <p class='ocr_par' dir='ltr' id='par_1_1' title="bbox 173 116 1008 3348">
     <span class='ocr_line' id='line_1_1' title="bbox 210 116 1005 182; baseline 0 -14"><span class='ocrx_word' id='word_1_1' title='bbox 210 121 240 168; x_wconf 84' lang='grc'>60</span> <span class='ocrx_word' id='word_1_2' title='bbox 255 178 257 182; x_wconf 25' lang='lat'><strong><em>¹</em></strong></span> <span class='ocrx_word' id='word_1_3' title='bbox 514 116 698 164; x_wconf 66' lang='lat' dir='ltr'>‘HPOAO&#39;POT</span> <span class='ocrx_word' id='word_1_4' title='bbox 946 119 1005 182; x_wconf 87' lang='lat' dir='ltr'>[VI.</span> 
     </span>
     <span class='ocr_line' id='line_1_2' title="bbox 208 195 1006 273; baseline 0.005 -17"><span class='ocrx_word' id='word_1_5' title='bbox 208 198 264 267; x_wconf 87' lang='grc' dir='ltr'>δον,</span> <span class='ocrx_word' id='word_1_6' title='bbox 278 195 400 271; x_wconf 86' lang='grc' dir='ltr'>ἤλαυνον</span> <span class='ocrx_word' id='word_1_7' title='bbox 414 195 459 256; x_wconf 84' lang='grc' dir='ltr'>ἐπὶ</span> <span class='ocrx_word' id='word_1_8' title='bbox 472 195 525 272; x_wconf 80' lang='grc' dir='ltr'>τήν</span> <span class='ocrx_word' id='word_1_9' title='bbox 539 197 677 272; x_wconf 85' lang='grc' dir='ltr'>Μίλητον,</span> <span class='ocrx_word' id='word_1_10' title='bbox 691 197 727 256; x_wconf 83' lang='grc' dir='ltr'>τά</span> <span class='ocrx_word' id='word_1_11' title='bbox 747 196 825 256; x_wconf 76' lang='grc' dir='ltr'>ἄλλα</span> <span class='ocrx_word' id='word_1_12' title='bbox 840 199 1006 273; x_wconf 81' lang='grc' dir='ltr'>πολίσματα</span> 
     </span>
     <span class='ocr_line' id='line_1_3' title="bbox 209 283 1006 362; baseline 0.004 -19"><span class='ocrx_word' id='word_1_13' title='bbox 209 285 273 362; x_wconf 79' lang='grc' dir='ltr'>περὶ</span> <span class='ocrx_word' id='word_1_14' title='bbox 290 283 447 346; x_wconf 78' lang='grc' dir='ltr'>ἐλάσσονος</span> <span class='ocrx_word' id='word_1_15' title='bbox 463 283 659 361; x_wconf 87' lang='grc' dir='ltr'>ποιησάμενοι·</span> <span class='ocrx_word' id='word_1_16' title='bbox 679 289 730 344; x_wconf 85' lang='grc' dir='ltr'>τοῦ</span> <span class='ocrx_word' id='word_1_17' title='bbox 751 285 780 344; x_wconf 88' lang='grc' dir='ltr'>δὲ</span> <span class='ocrx_word' id='word_1_18' title='bbox 801 289 929 346; x_wconf 79' lang='grc' dir='ltr'>ναυτικοῦ</span> <span class='ocrx_word' id='word_1_19' title='bbox 943 288 1006 346; x_wconf 90' lang='grc' dir='ltr'>Φοί-</span> 
     </span>
     <span class='ocr_line' id='line_1_4' title="bbox 209 371 1006 451; baseline 0.005 -19"><span class='ocrx_word' id='word_1_20' title='bbox 209 398 280 436; x_wconf 90' lang='grc' dir='ltr'>νικες</span> <span class='ocrx_word' id='word_1_21' title='bbox 300 374 351 448; x_wconf 77' lang='grc' dir='ltr'>μὲν</span> <span class='ocrx_word' id='word_1_22' title='bbox 371 371 445 448; x_wconf 87' lang='grc' dir='ltr'>ἦσαν</span> <span class='ocrx_word' id='word_1_23' title='bbox 466 372 683 451; x_wconf 81' lang='grc' dir='ltr'>προθυμότατοι·</span> <span class='ocrx_word' id='word_1_24' title='bbox 704 374 956 450; x_wconf 76' lang='grc' dir='ltr'>συνεστρατεύοντο</span> <span class='ocrx_word' id='word_1_25' title='bbox 977 376 1006 436; x_wconf 75' lang='grc' dir='ltr'>δὲ</span> 
     </span>
     <span class='ocr_line' id='line_1_5' title="bbox 209 460 1006 539; baseline 0.006 -20"><span class='ocrx_word' id='word_1_26' title='bbox 209 461 255 520; x_wconf 84' lang='grc' dir='ltr'>καὶ</span> <span class='ocrx_word' id='word_1_27' title='bbox 279 460 400 539; x_wconf 86' lang='grc' dir='ltr'>Κύπριοι</span> <span class='ocrx_word' id='word_1_28' title='bbox 423 462 522 522; x_wconf 83' lang='grc' dir='ltr'>νεωστὶ</span> <span class='ocrx_word' id='word_1_29' title='bbox 550 464 796 539; x_wconf 80' lang='grc' dir='ltr'>κατεστραμμένοι,</span> <span class='ocrx_word' id='word_1_30' title='bbox 822 464 868 522; x_wconf 85' lang='grc' dir='ltr'>καὶ</span> <span class='ocrx_word' id='word_1_31' title='bbox 892 465 1006 528; x_wconf 75' lang='grc' dir='ltr'>Κίλικές</span> 
     </span>
     <span class='ocr_line' id='line_1_6' title="bbox 174 548 1006 632; baseline 0.002 -22"><span class='ocrx_word' id='word_1_32' title='bbox 174 548 192 610; x_wconf 77' lang='grc' dir='ltr'>’ί</span> <span class='ocrx_word' id='word_1_33' title='bbox 206 575 236 609; x_wconf 89' lang='grc' dir='ltr'>τε</span> <span class='ocrx_word' id='word_1_34' title='bbox 257 551 303 609; x_wconf 82' lang='grc' dir='ltr'>καὶ</span> <span class='ocrx_word' id='word_1_35' title='bbox 316 550 474 632; x_wconf 75' lang='grc' dir='ltr'>Αἰγύπτιοι.</span> <span class='ocrx_word' id='word_1_36' title='bbox 517 553 554 610; x_wconf 82' lang='grc' dir='ltr'>Οἱ</span> <span class='ocrx_word' id='word_1_37' title='bbox 568 555 619 628; x_wconf 77' lang='grc' dir='ltr'>μὲν</span> <span class='ocrx_word' id='word_1_38' title='bbox 636 551 670 627; x_wconf 79' lang='grc' dir='ltr'>δὴ</span> <span class='ocrx_word' id='word_1_39' title='bbox 685 551 731 610; x_wconf 85' lang='grc' dir='ltr'>ἐπὶ</span> <span class='ocrx_word' id='word_1_40' title='bbox 744 551 795 628; x_wconf 74' lang='grc' dir='ltr'>την</span> <span class='ocrx_word' id='word_1_41' title='bbox 809 553 940 626; x_wconf 89' lang='grc' dir='ltr'>Μίλητον</span> <span class='ocrx_word' id='word_1_42' title='bbox 961 555 1006 612; x_wconf 83' lang='grc' dir='ltr'>καὶ</span> 
     </span>
     <span class='ocr_line' id='line_1_7' title="bbox 208 637 1005 716; baseline 0.003 -18"><span class='ocrx_word' id='word_1_43' title='bbox 208 637 260 714; x_wconf 73' lang='grc' dir='ltr'>την</span> <span class='ocrx_word' id='word_1_44' title='bbox 273 637 365 715; x_wconf 81' lang='grc' dir='ltr'>άλλην</span> <span class='ocrx_word' id='word_1_45' title='bbox 378 637 483 716; x_wconf 79' lang='grc' dir='ltr'>Ἰωνίην</span> <span class='ocrx_word' id='word_1_46' title='bbox 500 639 674 716; x_wconf 75' lang='grc' dir='ltr'>ἐστράτευον.</span> <span class='ocrx_word' id='word_1_47' title='bbox 710 638 803 702; x_wconf 86' lang='grc' dir='ltr'>Ἴωνες</span> <span class='ocrx_word' id='word_1_48' title='bbox 823 639 852 698; x_wconf 86' lang='grc' dir='ltr'>δὲ</span> <span class='ocrx_word' id='word_1_49' title='bbox 872 641 1005 700; x_wconf 86' lang='grc' dir='ltr'>πυνθανό-</span> 
     </span>
     <span class='ocr_line' id='line_1_8' title="bbox 208 727 1007 803; baseline 0.001 -16"><span class='ocrx_word' id='word_1_50' title='bbox 208 753 287 803; x_wconf 90' lang='grc' dir='ltr'>μενοι</span> <span class='ocrx_word' id='word_1_51' title='bbox 300 731 396 796; x_wconf 81' lang='grc' dir='ltr'>ταῦτα,</span> <span class='ocrx_word' id='word_1_52' title='bbox 411 727 534 802; x_wconf 84' lang='grc' dir='ltr'>ἔπεμπον</span> <span class='ocrx_word' id='word_1_53' title='bbox 554 727 733 802; x_wconf 82' lang='grc' dir='ltr'>προβούλους</span> <span class='ocrx_word' id='word_1_54' title='bbox 753 729 850 802; x_wconf 84' lang='grc' dir='ltr'>σφέων</span> <span class='ocrx_word' id='word_1_55' title='bbox 870 727 960 788; x_wconf 83' lang='grc' dir='ltr'>αύτῶν</span> <span class='ocrx_word' id='word_1_56' title='bbox 981 734 1007 794; x_wconf 88' lang='grc' dir='ltr'>ἐς</span> 
     </span>
     <span class='ocr_line' id='line_1_9' title="bbox 209 812 1007 889; baseline 0.005 -17"><span class='ocrx_word' id='word_1_57' title='bbox 209 815 372 874; x_wconf 81' lang='grc' dir='ltr'>Πανιώνιον·</span> <span class='ocrx_word' id='word_1_58' title='bbox 394 812 589 889; x_wconf 73' lang='grc' dir='ltr'>ἀπικομένοισι</span> <span class='ocrx_word' id='word_1_59' title='bbox 609 814 638 870; x_wconf 84' lang='grc' dir='ltr'>δὲ</span> <span class='ocrx_word' id='word_1_60' title='bbox 658 814 784 872; x_wconf 91' lang='grc' dir='ltr'>τούτοισι</span> <span class='ocrx_word' id='word_1_61' title='bbox 805 820 831 876; x_wconf 85' lang='grc' dir='ltr'>ἐς</span> <span class='ocrx_word' id='word_1_62' title='bbox 847 820 946 876; x_wconf 83' lang='grc' dir='ltr'>τοῦτον</span> <span class='ocrx_word' id='word_1_63' title='bbox 958 817 1007 876; x_wconf 80' lang='grc' dir='ltr'>τάν</span> 
     </span>
     <span class='ocr_line' id='line_1_10' title="bbox 208 899 1007 979; baseline 0.005 -21"><span class='ocrx_word' id='word_1_64' title='bbox 208 905 299 979; x_wconf 84' lang='grc' dir='ltr'>χοῖρον</span> <span class='ocrx_word' id='word_1_65' title='bbox 320 901 365 958; x_wconf 83' lang='grc' dir='ltr'>καὶ</span> <span class='ocrx_word' id='word_1_66' title='bbox 384 901 618 975; x_wconf 89' lang='grc' dir='ltr'>βουλευομένοισι</span> <span class='ocrx_word' id='word_1_67' title='bbox 635 899 710 966; x_wconf 76' lang='grc' dir='ltr'>ἔδοξε</span> <span class='ocrx_word' id='word_1_68' title='bbox 723 899 807 968; x_wconf 79' lang='grc' dir='ltr'>πεζὸν</span> <span class='ocrx_word' id='word_1_69' title='bbox 819 902 870 974; x_wconf 80' lang='grc' dir='ltr'>μὲν</span> <span class='ocrx_word' id='word_1_70' title='bbox 885 904 1007 976; x_wconf 80' lang='grc' dir='ltr'>στρατόν</span> 
     </span>
     <span class='ocr_line' id='line_1_11' title="bbox 207 983 1006 1066; baseline 0.003 -20"><span class='ocrx_word' id='word_1_71' title='bbox 207 987 247 1064; x_wconf 75' lang='grc' dir='ltr'>μὴ</span> <span class='ocrx_word' id='word_1_72' title='bbox 270 987 420 1066; x_wconf 77' lang='grc' dir='ltr'>συλλέγειν</span> <span class='ocrx_word' id='word_1_73' title='bbox 441 985 567 1054; x_wconf 74' lang='grc' dir='ltr'>ἀντίξοον</span> <span class='ocrx_word' id='word_1_74' title='bbox 590 986 730 1062; x_wconf 87' lang='grc' dir='ltr'>Πέρσῃσι,</span> <span class='ocrx_word' id='word_1_75' title='bbox 753 983 830 1056; x_wconf 83' lang='grc' dir='ltr'>άλλά</span> <span class='ocrx_word' id='word_1_76' title='bbox 854 985 889 1044; x_wconf 82' lang='grc' dir='ltr'>τά</span> <span class='ocrx_word' id='word_1_77' title='bbox 912 989 1006 1066; x_wconf 90' lang='grc' dir='ltr'>τείχεα</span> 
     </span>
     <span class='ocr_line' id='line_1_12' title="bbox 208 1070 1006 1151; baseline 0.005 -19"><span class='ocrx_word' id='word_1_78' title='bbox 208 1073 325 1151; x_wconf 78' lang='grc' dir='ltr'>ῥύεσθαι</span> <span class='ocrx_word' id='word_1_79' title='bbox 339 1072 438 1134; x_wconf 78' lang='grc' dir='ltr'>αὐτούς</span> <span class='ocrx_word' id='word_1_80' title='bbox 451 1074 622 1148; x_wconf 84' lang='grc' dir='ltr'>Μιλησίους·</span> <span class='ocrx_word' id='word_1_81' title='bbox 643 1072 676 1132; x_wconf 79' lang='grc' dir='ltr'>τά</span> <span class='ocrx_word' id='word_1_82' title='bbox 691 1073 720 1131; x_wconf 83' lang='grc' dir='ltr'>δὲ</span> <span class='ocrx_word' id='word_1_83' title='bbox 734 1070 862 1134; x_wconf 81' lang='grc' dir='ltr'>ναυτικδν</span> <span class='ocrx_word' id='word_1_84' title='bbox 879 1079 1006 1151; x_wconf 80' lang='grc' dir='ltr'>πληροῦν</span> 
     </span>
     <span class='ocr_line' id='line_1_13' title="bbox 207 1161 1006 1239; baseline 0.001 -17"><span class='ocrx_word' id='word_1_85' title='bbox 207 1161 442 1238; x_wconf 73' lang='grc' dir='ltr'>ὑπολειπομένους</span> <span class='ocrx_word' id='word_1_86' title='bbox 463 1161 600 1238; x_wconf 89' lang='grc' dir='ltr'>μηδεμίαν</span> <span class='ocrx_word' id='word_1_87' title='bbox 621 1165 677 1222; x_wconf 80' lang='grc' dir='ltr'>τῶν</span> <span class='ocrx_word' id='word_1_88' title='bbox 703 1166 779 1221; x_wconf 80' lang='grc' dir='ltr'>νευῖν·</span> <span class='ocrx_word' id='word_1_89' title='bbox 806 1161 1006 1239; x_wconf 77' lang='grc' dir='ltr'>πληρώσαντες</span> 
     </span>
     <span class='ocr_line' id='line_1_14' title="bbox 208 1249 1006 1331; baseline 0.004 -22"><span class='ocrx_word' id='word_1_90' title='bbox 208 1250 237 1309; x_wconf 85' lang='grc' dir='ltr'>δὲ</span> <span class='ocrx_word' id='word_1_91' title='bbox 258 1250 451 1331; x_wconf 89' lang='grc' dir='ltr'>συλλέγεσθαι</span> <span class='ocrx_word' id='word_1_92' title='bbox 467 1250 518 1327; x_wconf 72' lang='grc' dir='ltr'>τήν</span> <span class='ocrx_word' id='word_1_93' title='bbox 530 1252 668 1330; x_wconf 87' lang='grc' dir='ltr'>ταχίστην</span> <span class='ocrx_word' id='word_1_94' title='bbox 690 1257 716 1316; x_wconf 90' lang='grc' dir='ltr'>ἐς</span> <span class='ocrx_word' id='word_1_95' title='bbox 729 1249 833 1326; x_wconf 90' lang='grc' dir='ltr'>Λάδην,</span> <span class='ocrx_word' id='word_1_96' title='bbox 847 1277 1006 1330; x_wconf 89' lang='grc' dir='ltr'>προναυμα-</span> 
     </span>
     <span class='ocr_line' id='line_1_15' title="bbox 206 1338 1005 1419; baseline 0 -20"><span class='ocrx_word' id='word_1_97' title='bbox 206 1338 348 1418; x_wconf 84' lang='grc' dir='ltr'>χήσοντας</span> <span class='ocrx_word' id='word_1_98' title='bbox 362 1339 502 1416; x_wconf 88' lang='grc' dir='ltr'>Μιλήτου.</span> <span class='ocrx_word' id='word_1_99' title='bbox 545 1339 563 1416; x_wconf 82' lang='grc' dir='ltr'><em>ἡ</em></span> <span class='ocrx_word' id='word_1_100' title='bbox 584 1341 613 1399; x_wconf 81' lang='grc' dir='ltr'>δὲ</span> <span class='ocrx_word' id='word_1_101' title='bbox 625 1339 705 1416; x_wconf 84' lang='grc' dir='ltr'>Λάδη</span> <span class='ocrx_word' id='word_1_102' title='bbox 724 1340 785 1400; x_wconf 86' lang='grc' dir='ltr'>ἐστὶ</span> <span class='ocrx_word' id='word_1_103' title='bbox 798 1343 885 1415; x_wconf 72' lang='grc' dir='ltr'>νῆσος</span> <span class='ocrx_word' id='word_1_104' title='bbox 899 1343 1005 1419; x_wconf 74' lang='grc' dir='ltr'>σμικρὴ</span> 
     </span>
     <span class='ocr_line' id='line_1_16' title="bbox 173 1427 1004 1508; baseline 0.004 -23"><span class='ocrx_word' id='word_1_105' title='bbox 173 1431 191 1486; x_wconf 88' lang='grc'>8</span> <span class='ocrx_word' id='word_1_106' title='bbox 207 1428 252 1486; x_wconf 83' lang='grc' dir='ltr'>ἐπὶ</span> <span class='ocrx_word' id='word_1_107' title='bbox 265 1433 300 1507; x_wconf 83' lang='grc' dir='ltr'>τῇ</span> <span class='ocrx_word' id='word_1_108' title='bbox 313 1427 383 1488; x_wconf 87' lang='grc' dir='ltr'>πάλι</span> <span class='ocrx_word' id='word_1_109' title='bbox 396 1433 432 1508; x_wconf 78' lang='grc' dir='ltr'>τῇ</span> <span class='ocrx_word' id='word_1_110' title='bbox 444 1430 594 1505; x_wconf 87' lang='grc' dir='ltr'>Μιλησίων</span> <span class='ocrx_word' id='word_1_111' title='bbox 608 1429 727 1505; x_wconf 87' lang='grc' dir='ltr'>κειμένη.</span> <span class='ocrx_word' id='word_1_112' title='bbox 770 1429 852 1488; x_wconf 64' lang='lat' dir='ltr'>Mad</span> <span class='ocrx_word' id='word_1_113' title='bbox 866 1429 895 1487; x_wconf 83' lang='grc' dir='ltr'>δέ</span> <span class='ocrx_word' id='word_1_114' title='bbox 908 1433 1004 1500; x_wconf 82' lang='grc' dir='ltr'>ταῦτα,</span> 
     </span>
     <span class='ocr_line' id='line_1_17' title="bbox 207 1516 1005 1595; baseline 0.009 -22"><span class='ocrx_word' id='word_1_115' title='bbox 207 1517 442 1594; x_wconf 85' lang='grc' dir='ltr'>πεπληρωμένῃσι</span> <span class='ocrx_word' id='word_1_116' title='bbox 462 1521 530 1595; x_wconf 81' lang='grc' dir='ltr'>τῇσι</span> <span class='ocrx_word' id='word_1_117' title='bbox 549 1518 632 1592; x_wconf 83' lang='grc' dir='ltr'>νηυσὶ</span> <span class='ocrx_word' id='word_1_118' title='bbox 651 1521 784 1595; x_wconf 84' lang='grc' dir='ltr'>παρῆσαν</span> <span class='ocrx_word' id='word_1_119' title='bbox 798 1519 825 1575; x_wconf 85' lang='grc' dir='ltr'>οῖ</span> <span class='ocrx_word' id='word_1_120' title='bbox 835 1516 935 1590; x_wconf 85' lang='grc' dir='ltr'>Ἴωνες,</span> <span class='ocrx_word' id='word_1_121' title='bbox 952 1520 1005 1580; x_wconf 79' lang='grc' dir='ltr'>σύν</span> 
     </span>
     <span class='ocr_line' id='line_1_18' title="bbox 209 1603 1003 1681; baseline 0.006 -20"><span class='ocrx_word' id='word_1_122' title='bbox 209 1603 240 1662; x_wconf 89' lang='grc' dir='ltr'>δέ</span> <span class='ocrx_word' id='word_1_123' title='bbox 252 1611 308 1680; x_wconf 80' lang='grc' dir='ltr'>σφι</span> <span class='ocrx_word' id='word_1_124' title='bbox 321 1605 367 1662; x_wconf 84' lang='grc' dir='ltr'>καὶ</span> <span class='ocrx_word' id='word_1_125' title='bbox 380 1605 504 1664; x_wconf 86' lang='grc' dir='ltr'>Αἰολέων</span> <span class='ocrx_word' id='word_1_126' title='bbox 517 1604 543 1664; x_wconf 78' lang='grc' dir='ltr'>οἳ</span> <span class='ocrx_word' id='word_1_127' title='bbox 555 1605 674 1681; x_wconf 82' lang='grc' dir='ltr'>Λέσβον</span> <span class='ocrx_word' id='word_1_128' title='bbox 687 1606 825 1681; x_wconf 85' lang='grc' dir='ltr'>νέμονται·</span> <span class='ocrx_word' id='word_1_129' title='bbox 848 1606 1003 1666; x_wconf 87' lang='grc' dir='ltr'>ἐτάσσοντο</span> 
     </span>
     <span class='ocr_line' id='line_1_19' title="bbox 207 1689 1005 1772; baseline 0.004 -22"><span class='ocrx_word' id='word_1_130' title='bbox 207 1691 235 1750; x_wconf 83' lang='grc' dir='ltr'>δὲ</span> <span class='ocrx_word' id='word_1_131' title='bbox 254 1689 315 1751; x_wconf 80' lang='grc' dir='ltr'>ὧδε·</span> <span class='ocrx_word' id='word_1_132' title='bbox 335 1692 369 1751; x_wconf 80' lang='grc' dir='ltr'>τά</span> <span class='ocrx_word' id='word_1_133' title='bbox 389 1694 440 1770; x_wconf 78' lang='grc' dir='ltr'>μὲν</span> <span class='ocrx_word' id='word_1_134' title='bbox 460 1691 530 1768; x_wconf 74' lang='grc' dir='ltr'>τρεῖς</span> <span class='ocrx_word' id='word_1_135' title='bbox 549 1691 602 1769; x_wconf 82' lang='grc' dir='ltr'>τήν</span> <span class='ocrx_word' id='word_1_136' title='bbox 622 1692 656 1750; x_wconf 82' lang='grc' dir='ltr'>ἔω</span> <span class='ocrx_word' id='word_1_137' title='bbox 674 1692 749 1772; x_wconf 80' lang='grc' dir='ltr'>εἶχον</span> <span class='ocrx_word' id='word_1_138' title='bbox 763 1693 844 1769; x_wconf 88' lang='grc' dir='ltr'>κέρας</span> <span class='ocrx_word' id='word_1_139' title='bbox 857 1691 936 1752; x_wconf 78' lang='grc' dir='ltr'>αὐτοὶ</span> <span class='ocrx_word' id='word_1_140' title='bbox 950 1695 1005 1753; x_wconf 82' lang='grc' dir='ltr'>Μι-</span> 
     </span>
     <span class='ocr_line' id='line_1_20' title="bbox 206 1779 1006 1861; baseline 0.003 -23"><span class='ocrx_word' id='word_1_141' title='bbox 206 1779 312 1854; x_wconf 80' lang='grc' dir='ltr'>λήσιοι,</span> <span class='ocrx_word' id='word_1_142' title='bbox 337 1779 399 1844; x_wconf 88' lang='grc' dir='ltr'>νέας</span> <span class='ocrx_word' id='word_1_143' title='bbox 425 1780 611 1859; x_wconf 84' lang='grc' dir='ltr'>παρεχόμενοι</span> <span class='ocrx_word' id='word_1_144' title='bbox 637 1779 803 1861; x_wconf 77' lang='grc' dir='ltr'>ὀγδώκοντα.</span> <span class='ocrx_word' id='word_1_145' title='bbox 846 1781 955 1861; x_wconf 82' lang='grc' dir='ltr'>εἴχοντο</span> <span class='ocrx_word' id='word_1_146' title='bbox 975 1781 1006 1840; x_wconf 74' lang='grc' dir='ltr'>δὲΙ</span> 
     </span>
     <span class='ocr_line' id='line_1_21' title="bbox 204 1868 1004 1946; baseline 0.001 -19"><span class='ocrx_word' id='word_1_147' title='bbox 204 1869 323 1928; x_wconf 87' lang='grc' dir='ltr'>τουτέων</span> <span class='ocrx_word' id='word_1_148' title='bbox 331 1868 465 1944; x_wconf 84' lang='grc' dir='ltr'>Πριηνέες</span> <span class='ocrx_word' id='word_1_149' title='bbox 478 1868 598 1928; x_wconf 81' lang='grc' dir='ltr'>δυώδεκα</span> <span class='ocrx_word' id='word_1_150' title='bbox 611 1868 702 1944; x_wconf 78' lang='grc' dir='ltr'>νηυσὶ,</span> <span class='ocrx_word' id='word_1_151' title='bbox 716 1869 762 1926; x_wconf 86' lang='grc' dir='ltr'>καὶ</span> <span class='ocrx_word' id='word_1_152' title='bbox 772 1868 915 1928; x_wconf 78' lang='grc' dir='ltr'>Μυούσιοι</span> <span class='ocrx_word' id='word_1_153' title='bbox 927 1871 1004 1946; x_wconf 80' lang='grc' dir='ltr'>τρισὶ</span> 
     </span>
     <span class='ocr_line' id='line_1_22' title="bbox 206 1956 1004 2036; baseline 0 -22"><span class='ocrx_word' id='word_1_154' title='bbox 206 1956 297 2031; x_wconf 83' lang='grc' dir='ltr'>νηυσί·</span> <span class='ocrx_word' id='word_1_155' title='bbox 319 1957 471 2016; x_wconf 90' lang='grc' dir='ltr'>Μυουσίων</span> <span class='ocrx_word' id='word_1_156' title='bbox 487 1956 516 2015; x_wconf 85' lang='grc' dir='ltr'>δέ</span> <span class='ocrx_word' id='word_1_157' title='bbox 533 1957 612 2032; x_wconf 85' lang='grc' dir='ltr'>Τήϊοι</span> <span class='ocrx_word' id='word_1_158' title='bbox 630 1957 738 2036; x_wconf 82' lang='grc' dir='ltr'>εἴχοντο</span> <span class='ocrx_word' id='word_1_159' title='bbox 758 1957 941 2016; x_wconf 76' lang='grc' dir='ltr'>ἑπτακαίδεκα</span> <span class='ocrx_word' id='word_1_160' title='bbox 959 1984 1004 2033; x_wconf 82' lang='grc' dir='ltr'>νη-</span> 
     </span>
     <span class='ocr_line' id='line_1_23' title="bbox 205 2043 1005 2122; baseline 0.003 -19"><span class='ocrx_word' id='word_1_161' title='bbox 205 2045 263 2103; x_wconf 90' lang='grc' dir='ltr'>υσί·</span> <span class='ocrx_word' id='word_1_162' title='bbox 284 2045 374 2120; x_wconf 82' lang='grc' dir='ltr'>Τηίων</span> <span class='ocrx_word' id='word_1_163' title='bbox 396 2043 425 2104; x_wconf 83' lang='grc' dir='ltr'>δὲ</span> <span class='ocrx_word' id='word_1_164' title='bbox 446 2045 555 2122; x_wconf 83' lang='grc' dir='ltr'>εἴχοντο</span> <span class='ocrx_word' id='word_1_165' title='bbox 568 2048 635 2104; x_wconf 86' lang='grc' dir='ltr'>Χῖοι</span> <span class='ocrx_word' id='word_1_166' title='bbox 653 2043 751 2104; x_wconf 83' lang='grc' dir='ltr'>ἐκατάν</span> <span class='ocrx_word' id='word_1_167' title='bbox 771 2047 862 2120; x_wconf 89' lang='grc' dir='ltr'>νηυσί·</span> <span class='ocrx_word' id='word_1_168' title='bbox 884 2044 955 2122; x_wconf 79' lang='grc' dir='ltr'>πρύς</span> <span class='ocrx_word' id='word_1_169' title='bbox 975 2046 1005 2106; x_wconf 81' lang='grc' dir='ltr'>δὲ</span> 
     </span>
     <span class='ocr_line' id='line_1_24' title="bbox 205 2131 1003 2210; baseline -0.001 -17"><span class='ocrx_word' id='word_1_170' title='bbox 205 2132 331 2194; x_wconf 87' lang='grc' dir='ltr'>τούτοισι</span> <span class='ocrx_word' id='word_1_171' title='bbox 343 2131 506 2210; x_wconf 86' lang='grc' dir='ltr'>Ἐρυθραῖοί</span> <span class='ocrx_word' id='word_1_172' title='bbox 516 2158 546 2192; x_wconf 93' lang='grc' dir='ltr'>τε</span> <span class='ocrx_word' id='word_1_173' title='bbox 557 2131 714 2193; x_wconf 89' lang='grc' dir='ltr'>ἐτάσσοντο</span> <span class='ocrx_word' id='word_1_174' title='bbox 728 2133 774 2191; x_wconf 83' lang='grc' dir='ltr'>καὶ</span> <span class='ocrx_word' id='word_1_175' title='bbox 782 2135 913 2205; x_wconf 84' lang='grc' dir='ltr'>Φωκαέες,</span> <span class='ocrx_word' id='word_1_176' title='bbox 926 2132 1003 2210; x_wconf 85' lang='grc' dir='ltr'>Ἐρυ-</span> 
     </span>
     <span class='ocr_line' id='line_1_25' title="bbox 207 2220 1003 2300; baseline -0.003 -18"><span class='ocrx_word' id='word_1_177' title='bbox 207 2223 298 2300; x_wconf 90' lang='grc' dir='ltr'>θραῖοι</span> <span class='ocrx_word' id='word_1_178' title='bbox 311 2224 363 2300; x_wconf 77' lang='grc' dir='ltr'>μὲν</span> <span class='ocrx_word' id='word_1_179' title='bbox 377 2220 449 2282; x_wconf 75' lang='grc' dir='ltr'>άκτοῖ</span> <span class='ocrx_word' id='word_1_180' title='bbox 462 2222 525 2284; x_wconf 89' lang='grc' dir='ltr'>νέας</span> <span class='ocrx_word' id='word_1_181' title='bbox 540 2220 727 2299; x_wconf 86' lang='grc' dir='ltr'>παρεχόμενοι</span> <span class='ocrx_word' id='word_1_182' title='bbox 741 2222 865 2283; x_wconf 85' lang='grc' dir='ltr'>Φωκαέες</span> <span class='ocrx_word' id='word_1_183' title='bbox 879 2220 909 2278; x_wconf 86' lang='grc' dir='ltr'>δὲ</span> <span class='ocrx_word' id='word_1_184' title='bbox 921 2223 1003 2296; x_wconf 84' lang='grc' dir='ltr'>τρεῖς.</span> 
     </span>
     <span class='ocr_line' id='line_1_26' title="bbox 205 2307 1004 2389; baseline 0 -21"><span class='ocrx_word' id='word_1_185' title='bbox 205 2312 338 2370; x_wconf 88' lang='grc' dir='ltr'>Φωκαέων</span> <span class='ocrx_word' id='word_1_186' title='bbox 360 2311 390 2369; x_wconf 79' lang='grc' dir='ltr'>δὲ</span> <span class='ocrx_word' id='word_1_187' title='bbox 413 2311 520 2389; x_wconf 84' lang='grc' dir='ltr'>εἴχοντο</span> <span class='ocrx_word' id='word_1_188' title='bbox 545 2309 668 2384; x_wconf 85' lang='grc' dir='ltr'>Λέσβιοι</span> <span class='ocrx_word' id='word_1_189' title='bbox 695 2308 777 2383; x_wconf 82' lang='grc' dir='ltr'>νηυσὶ</span> <span class='ocrx_word' id='word_1_190' title='bbox 801 2307 1004 2385; x_wconf 83' lang='grc' dir='ltr'>ἐβδομήκοντα.</span> 
     </span>
     <span class='ocr_line' id='line_1_27' title="bbox 205 2389 1005 2474; baseline -0.003 -18"><span class='ocrx_word' id='word_1_191' title='bbox 205 2402 358 2457; x_wconf 89' lang='grc' dir='ltr'>τελευταῖοι</span> <span class='ocrx_word' id='word_1_192' title='bbox 379 2398 408 2456; x_wconf 84' lang='grc' dir='ltr'>δὲ</span> <span class='ocrx_word' id='word_1_193' title='bbox 430 2397 587 2458; x_wconf 81' lang='grc' dir='ltr'>ἐτάσσοντο</span> <span class='ocrx_word' id='word_1_194' title='bbox 609 2397 718 2474; x_wconf 81' lang='grc' dir='ltr'>ἔχοντες</span> <span class='ocrx_word' id='word_1_195' title='bbox 738 2395 770 2454; x_wconf 79' lang='grc' dir='ltr'>τά</span> <span class='ocrx_word' id='word_1_196' title='bbox 792 2389 864 2472; x_wconf 81' lang='grc' dir='ltr'>πράς</span> <span class='ocrx_word' id='word_1_197' title='bbox 884 2397 1005 2474; x_wconf 80' lang='grc' dir='ltr'>ἑσπέρην</span> 
     </span>
     <span class='ocr_line' id='line_1_28' title="bbox 183 2478 1006 2560; baseline 0.001 -18"><span class='ocrx_word' id='word_1_198' title='bbox 183 2478 185 2480; x_wconf 38' lang='grc'><strong>’</strong></span> <span class='ocrx_word' id='word_1_199' title='bbox 207 2485 287 2560; x_wconf 86' lang='grc' dir='ltr'>κέρας</span> <span class='ocrx_word' id='word_1_200' title='bbox 309 2484 411 2560; x_wconf 76' lang='grc' dir='ltr'>Σάμιοι</span> <span class='ocrx_word' id='word_1_201' title='bbox 430 2485 562 2559; x_wconf 77' lang='grc' dir='ltr'>ἐξήκοντα</span> <span class='ocrx_word' id='word_1_202' title='bbox 583 2485 674 2559; x_wconf 89' lang='grc' dir='ltr'>νηυσί.</span> <span class='ocrx_word' id='word_1_203' title='bbox 716 2483 875 2545; x_wconf 79' lang='grc' dir='ltr'>πασέωνδέ</span> <span class='ocrx_word' id='word_1_204' title='bbox 888 2485 1006 2544; x_wconf 89' lang='grc' dir='ltr'>τουτέων</span> 
     </span>
     <span class='ocr_line' id='line_1_29' title="bbox 207 2569 1006 2653; baseline 0 -23"><span class='ocrx_word' id='word_1_205' title='bbox 207 2570 222 2630; x_wconf 84' lang='grc' dir='ltr'>ά</span> <span class='ocrx_word' id='word_1_206' title='bbox 236 2571 350 2648; x_wconf 84' lang='grc' dir='ltr'>σύμπας</span> <span class='ocrx_word' id='word_1_207' title='bbox 371 2569 488 2648; x_wconf 82' lang='grc' dir='ltr'>α’ριθμός</span> <span class='ocrx_word' id='word_1_208' title='bbox 502 2573 609 2653; x_wconf 85' lang='grc' dir='ltr'>ἐγένετο</span> <span class='ocrx_word' id='word_1_209' title='bbox 628 2576 701 2649; x_wconf 82' lang='grc' dir='ltr'>τρεῖς</span> <span class='ocrx_word' id='word_1_210' title='bbox 715 2573 761 2631; x_wconf 85' lang='grc' dir='ltr'>καὶ</span> <span class='ocrx_word' id='word_1_211' title='bbox 774 2569 946 2646; x_wconf 80' lang='grc' dir='ltr'>πεντήκοντα</span> <span class='ocrx_word' id='word_1_212' title='bbox 960 2574 1006 2630; x_wconf 89' lang='grc' dir='ltr'>καὶ</span> 
     </span>
     <span class='ocr_line' id='line_1_30' title="bbox 173 2657 1006 2736; baseline 0 -18"><span class='ocrx_word' id='word_1_213' title='bbox 173 2658 363 2734; x_wconf 85' lang='grc' dir='ltr'>9τριηκόσιαι</span> <span class='ocrx_word' id='word_1_214' title='bbox 383 2658 515 2736; x_wconf 82' lang='grc' dir='ltr'>τριήρεες·</span> <span class='ocrx_word' id='word_1_215' title='bbox 537 2658 619 2720; x_wconf 83' lang='grc' dir='ltr'>αὗται</span> <span class='ocrx_word' id='word_1_216' title='bbox 636 2663 688 2735; x_wconf 80' lang='grc' dir='ltr'>μὲν</span> <span class='ocrx_word' id='word_1_217' title='bbox 700 2658 798 2719; x_wconf 82' lang='grc' dir='ltr'>Ἰάνων</span> <span class='ocrx_word' id='word_1_218' title='bbox 818 2657 903 2732; x_wconf 80' lang='grc' dir='ltr'>ἦσαν.</span> <span class='ocrx_word' id='word_1_219' title='bbox 944 2661 1006 2718; x_wconf 88' lang='grc' dir='ltr'>Τιῖν</span> 
     </span>
     <span class='ocr_line' id='line_1_31' title="bbox 208 2743 1006 2824; baseline 0.004 -21"><span class='ocrx_word' id='word_1_220' title='bbox 208 2746 238 2804; x_wconf 85' lang='grc' dir='ltr'>δὲ</span> <span class='ocrx_word' id='word_1_221' title='bbox 253 2747 411 2823; x_wconf 86' lang='grc' dir='ltr'>βαρβάρων</span> <span class='ocrx_word' id='word_1_222' title='bbox 430 2746 463 2806; x_wconf 76' lang='grc' dir='ltr'>τά</span> <span class='ocrx_word' id='word_1_223' title='bbox 483 2750 593 2824; x_wconf 83' lang='grc' dir='ltr'>πλῆθος</span> <span class='ocrx_word' id='word_1_224' title='bbox 605 2751 661 2808; x_wconf 80' lang='grc' dir='ltr'>τοῖν</span> <span class='ocrx_word' id='word_1_225' title='bbox 674 2751 741 2808; x_wconf 80' lang='grc' dir='ltr'>νεῶν</span> <span class='ocrx_word' id='word_1_226' title='bbox 754 2745 829 2820; x_wconf 86' lang='grc' dir='ltr'>ἦσαν</span> <span class='ocrx_word' id='word_1_227' title='bbox 851 2743 1006 2814; x_wconf 81' lang='grc' dir='ltr'>ἑξακόσιαι.</span> 
     </span>
     <span class='ocr_line' id='line_1_32' title="bbox 208 2831 1006 2913; baseline -0.003 -17"><span class='ocrx_word' id='word_1_228' title='bbox 208 2831 243 2896; x_wconf 79' lang='grc' dir='ltr'>ὦς</span> <span class='ocrx_word' id='word_1_229' title='bbox 259 2833 288 2892; x_wconf 82' lang='grc' dir='ltr'>δὲ</span> <span class='ocrx_word' id='word_1_230' title='bbox 308 2834 353 2891; x_wconf 86' lang='grc' dir='ltr'>καὶ</span> <span class='ocrx_word' id='word_1_231' title='bbox 369 2831 450 2894; x_wconf 82' lang='grc' dir='ltr'>αὗται</span> <span class='ocrx_word' id='word_1_232' title='bbox 467 2833 586 2896; x_wconf 84' lang='grc' dir='ltr'>α’πίκατο</span> <span class='ocrx_word' id='word_1_233' title='bbox 604 2835 673 2913; x_wconf 82' lang='grc' dir='ltr'>πρός</span> <span class='ocrx_word' id='word_1_234' title='bbox 688 2834 740 2910; x_wconf 54' lang='grc' dir='ltr'>’ἢν</span> <span class='ocrx_word' id='word_1_235' title='bbox 754 2832 903 2909; x_wconf 92' lang='grc' dir='ltr'>Μιλησίην</span> <span class='ocrx_word' id='word_1_236' title='bbox 924 2833 969 2891; x_wconf 87' lang='grc' dir='ltr'>καὶ</span> <span class='ocrx_word' id='word_1_237' title='bbox 990 2833 1006 2894; x_wconf 84' lang='grc' dir='ltr'>(ῖ</span> 
     </span>
     <span class='ocr_line' id='line_1_33' title="bbox 208 2919 1007 3000; baseline 0.001 -20"><span class='ocrx_word' id='word_1_238' title='bbox 208 2921 290 2992; x_wconf 86' lang='grc' dir='ltr'>πεζός</span> <span class='ocrx_word' id='word_1_239' title='bbox 309 2927 365 2997; x_wconf 79' lang='grc' dir='ltr'>σφι</span> <span class='ocrx_word' id='word_1_240' title='bbox 383 2919 457 2985; x_wconf 86' lang='grc' dir='ltr'>άπας</span> <span class='ocrx_word' id='word_1_241' title='bbox 472 2927 572 3000; x_wconf 81' lang='grc' dir='ltr'>παρῆν,</span> <span class='ocrx_word' id='word_1_242' title='bbox 587 2924 705 2983; x_wconf 83' lang='grc' dir='ltr'>ἐνθαῦτα</span> <span class='ocrx_word' id='word_1_243' title='bbox 726 2924 752 2980; x_wconf 87' lang='grc' dir='ltr'>οἱ</span> <span class='ocrx_word' id='word_1_244' title='bbox 766 2922 901 2998; x_wconf 84' lang='grc' dir='ltr'>Περσέων</span> <span class='ocrx_word' id='word_1_245' title='bbox 922 2947 1007 2998; x_wconf 87' lang='grc' dir='ltr'>στρα-</span> 
     </span>
     <span class='ocr_line' id='line_1_34' title="bbox 210 3009 1007 3090; baseline -0.003 -20"><span class='ocrx_word' id='word_1_246' title='bbox 210 3010 291 3090; x_wconf 86' lang='grc' dir='ltr'>τηγοὶ</span> <span class='ocrx_word' id='word_1_247' title='bbox 304 3009 456 3085; x_wconf 86' lang='grc' dir='ltr'>πυθόμενοι</span> <span class='ocrx_word' id='word_1_248' title='bbox 469 3010 502 3069; x_wconf 77' lang='grc' dir='ltr'>τὸ</span> <span class='ocrx_word' id='word_1_249' title='bbox 515 3011 625 3086; x_wconf 80' lang='grc' dir='ltr'>πλῆθος</span> <span class='ocrx_word' id='word_1_250' title='bbox 638 3015 693 3070; x_wconf 80' lang='grc' dir='ltr'>τῶν</span> <span class='ocrx_word' id='word_1_251' title='bbox 705 3009 800 3069; x_wconf 88' lang='grc' dir='ltr'>Ἰάδων</span> <span class='ocrx_word' id='word_1_252' title='bbox 817 3013 892 3081; x_wconf 83' lang='grc' dir='ltr'>νεῶν,</span> <span class='ocrx_word' id='word_1_253' title='bbox 908 3035 1007 3087; x_wconf 88' lang='grc' dir='ltr'>καταρ-</span> 
     </span>
     <span class='ocr_line' id='line_1_35' title="bbox 209 3096 1007 3177; baseline 0.004 -21"><span class='ocrx_word' id='word_1_254' title='bbox 209 3097 339 3175; x_wconf 84' lang='grc' dir='ltr'>ρύδησαν</span> <span class='ocrx_word' id='word_1_255' title='bbox 352 3096 392 3173; x_wconf 75' lang='grc' dir='ltr'>μὴ</span> <span class='ocrx_word' id='word_1_256' title='bbox 407 3096 439 3156; x_wconf 81' lang='grc' dir='ltr'>οὗ</span> <span class='ocrx_word' id='word_1_257' title='bbox 452 3097 563 3156; x_wconf 85' lang='grc' dir='ltr'>δυνατοὶ</span> <span class='ocrx_word' id='word_1_258' title='bbox 575 3098 707 3177; x_wconf 83' lang='grc' dir='ltr'>γένωνται</span> <span class='ocrx_word' id='word_1_259' title='bbox 722 3097 947 3175; x_wconf 74' lang='grc' dir='ltr'>ὑπερβαλέσθαι,</span> <span class='ocrx_word' id='word_1_260' title='bbox 962 3100 1007 3159; x_wconf 78' lang='grc' dir='ltr'>καὶ</span> 
     </span>
     <span class='ocr_line' id='line_1_36' title="bbox 209 3184 1008 3264; baseline 0.003 -20"><span class='ocrx_word' id='word_1_261' title='bbox 209 3185 279 3244; x_wconf 81' lang='grc' dir='ltr'>οὕτω</span> <span class='ocrx_word' id='word_1_262' title='bbox 293 3184 356 3244; x_wconf 71' lang='grc' dir='ltr'>οὔτε</span> <span class='ocrx_word' id='word_1_263' title='bbox 368 3184 420 3260; x_wconf 82' lang='grc' dir='ltr'>τήν</span> <span class='ocrx_word' id='word_1_264' title='bbox 432 3185 563 3259; x_wconf 88' lang='grc' dir='ltr'>Μίλητον</span> <span class='ocrx_word' id='word_1_265' title='bbox 577 3185 675 3244; x_wconf 80' lang='grc' dir='ltr'>οἷοίτε</span> <span class='ocrx_word' id='word_1_266' title='bbox 689 3187 754 3244; x_wconf 84' lang='grc' dir='ltr'>ἔωσι</span> <span class='ocrx_word' id='word_1_267' title='bbox 772 3187 876 3254; x_wconf 82' lang='grc' dir='ltr'>ἐξελεῖν</span> <span class='ocrx_word' id='word_1_268' title='bbox 897 3187 937 3264; x_wconf 66' lang='grc' dir='ltr'>μὴ</span> <span class='ocrx_word' id='word_1_269' title='bbox 959 3186 1008 3246; x_wconf 86' lang='grc' dir='ltr'>οι’κ</span> 
     </span>
     <span class='ocr_line' id='line_1_37' title="bbox 211 3270 1006 3348; baseline 0.004 -17"><span class='ocrx_word' id='word_1_270' title='bbox 211 3270 300 3335; x_wconf 82' lang='grc' dir='ltr'>ἐόντες</span> <span class='ocrx_word' id='word_1_271' title='bbox 318 3272 508 3348; x_wconf 86' lang='grc' dir='ltr'>ναυκράτορες,</span> <span class='ocrx_word' id='word_1_272' title='bbox 528 3271 598 3346; x_wconf 80' lang='grc' dir='ltr'>πρός</span> <span class='ocrx_word' id='word_1_273' title='bbox 619 3297 649 3330; x_wconf 88' lang='grc' dir='ltr'>τε</span> <span class='ocrx_word' id='word_1_274' title='bbox 670 3271 789 3344; x_wconf 83' lang='grc' dir='ltr'>Δαρείου</span> <span class='ocrx_word' id='word_1_275' title='bbox 812 3273 1006 3334; x_wconf 85' lang='grc' dir='ltr'>κινδυνεύσωσι</span> 
     </span>
    </p>
   </div>
   <div class='ocr_carea' id='block_1_2' title="bbox 0 0 1139 3536">
    <p class='ocr_par' dir='ltr' id='par_1_2' title="bbox 0 0 1139 3536">
     <span class='ocr_line' id='line_1_38' title="bbox 0 0 1139 3536; baseline 0 0"><span class='ocrx_word' id='word_1_276' title='bbox 0 0 1139 3536; x_wconf 95' lang='lat' dir='ltr'> </span> 
     </span>
    </p>
   </div>
  </div>
 </body>
</html>
