2278 3538
194 143 240 190 196
504 143 687 192 ἨΡΟΔΟΤΟΤ
917 141 995 206 [VII.

192 220 313 284 Σκιάθου
327 222 415 280 τεκαὶ
428 223 605 303 Μαγνησίης,
620 221 789 297 καλεόμενον
802 222 831 280 δέ
842 221 995 298 Μύρμηκα.

193 308 312 368 ἐνθαῦτα
328 313 354 368 οί
367 309 513 386 βάρβαροι
527 310 621 385 ἐπειδὴ
638 309 748 385 στήλην
761 310 843 369 λίθου
858 311 996 385 ἐπέθηκαν

192 395 358 474 κομίσαντες
372 399 416 457 ἐπὶ
429 399 462 458 τδ
476 399 556 475 ἕρμα,
565 398 731 474 ὁρμηθέντες
745 397 824 458 αὐτοὶ
835 403 864 456 ἐκ
874 398 992 475 Θέρμης,

191 483 226 548 ὥς
247 492 304 562 σφι
329 485 362 546 τό
391 486 517 563 ε’μποδιδν
545 486 670 566 ἐγεγόνεε
697 485 827 562 καθαρὰν,
856 486 994 547 ἐπέπλεον

191 571 303 652 πάσῃσι
325 579 394 653 τῇσι
414 575 504 650 νηυσὶ,
528 574 622 632 ἕνδεκα
643 574 747 651 ἡμέρας
768 576 901 650 παρέντες
921 575 993 650 μετά

191 661 243 736 τήν
256 663 395 738 βασιλέος
411 662 540 730 ἐξέλασιν
559 667 588 720 ἐκ
606 664 726 738 Θέρμης·
747 661 780 722 τδ
799 662 828 720 δὲ
849 661 919 738 ἐρμα
937 669 994 739 σφι

192 750 379 829 κατηγήσατο,
392 749 437 808 ἐδν
448 755 477 808 ἐν
486 749 563 828 πόρῳ
577 749 712 826 μάλιστα,
726 749 855 826 Πάμμων
866 749 992 827 Σκύριος·

191 838 351 914 πανημερὸν
365 838 394 896 δὲ
412 837 552 900 πλείοντες
569 841 596 898 οί
615 837 762 916 βάρβαροι
770 836 924 908 ,ἐξανύουσι
942 843 993 914 τῆς

192 927 360 1004 Μαγνησίης
373 926 464 1004 χώρης
478 927 523 984 ἐπὶ
540 926 667 1002 Σηπιάδα
685 953 716 986 τε
733 927 778 985 καὶ
796 925 846 986 τόν
862 927 993 1007 αἰγιαλόν

191 1013 239 1071 τδν
248 1013 353 1089 μεταξδ
363 1015 546 1090 Κασθαναίης
555 1040 587 1073 τε
594 1013 695 1077 πόλιος
706 1013 785 1074 ἐόντα
796 1014 842 1072 καὶ
851 1013 992 1090 Σηπιάδος

192 1100 287 1176 άκτῆς.

145 1190 202 1249 184
232 1191 326 1270 Μέχρι
351 1191 403 1266 μέν
429 1216 477 1250 νυν
501 1189 600 1250 τούτου
623 1193 674 1249 τοῦ
700 1189 791 1268 χοίρου
817 1190 862 1248 καὶ
886 1197 991 1267 Θερμο-

190 1281 307 1348 πυλέων,
322 1278 432 1354 άπαθής
449 1305 480 1338 τε
497 1282 587 1338 κακῶν
603 1277 638 1353 ἦν
652 1277 667 1337 ὁ
680 1276 809 1354 στρατός,
824 1278 870 1335 καὶ
883 1279 992 1353 πλῆθος

190 1367 225 1442 ἦν
244 1373 393 1443 τηνικαῦτα
413 1369 460 1437 ἐτι,
476 1366 511 1430 ὦς
531 1366 584 1448 ἐγω
605 1364 845 1442 συμβαλλόμενος
865 1365 990 1442 εὑρίσκω,

189 1455 286 1515 τόσον·
307 1461 361 1515 τῶν
378 1459 430 1532 μὲν
449 1461 479 1514 ἐκ
497 1459 552 1515 τῶν
568 1458 635 1514 νεῶν
648 1458 702 1513 τῶν
716 1459 746 1512 ἐκ
759 1458 809 1530 τής
821 1453 920 1530 Ἀσίης
934 1460 991 1514 ἐου-

191 1545 263 1602 σέων
284 1543 354 1602 ἐπτοὶ
374 1545 419 1601 καὶ
440 1544 601 1618 διηκοσιέων
622 1544 668 1600 καὶ
684 1543 804 1621 χιλιέων,
818 1541 868 1602 τόν
880 1546 932 1618 μὲν
945 1543 992 1620 ‹ip-

189 1635 272 1709 χαῖον
294 1631 416 1690 ἑκάστων
437 1635 491 1690 τῶν
513 1631 611 1690 ἐθνέων
632 1629 713 1689 ἐόντα
733 1629 834 1706 ὅμιλον
854 1631 993 1708 τέσσερας

191 1719 238 1776 καὶ
252 1721 341 1778 εἴκοσι
356 1719 497 1795 μυριάδας,
513 1720 558 1777 καὶ
574 1718 651 1796 πρός,
665 1719 780 1797 χιλιάδα
793 1745 824 1778 τε
838 1719 884 1776 καὶ
897 1745 992 1796 τετρα-

190 1809 310 1878 κοσίους,
326 1807 360 1871 ὥς
379 1807 431 1867 dmi
447 1808 605 1884 διηκοσίους
622 1806 722 1884 ἄνδρας
737 1808 946 1887 λογιζομένοισι
963 1813 992 1868 ἐν

191 1894 295 1974 ἑκάστη
316 1898 369 1973 νηΐ·
391 1895 561 1972 ἐπεβάτευον
582 1897 611 1954 δέ
632 1897 678 1954 ἐπὶ
700 1896 817 1954 τουτέων
838 1899 892 1954 τῶν
915 1901 991 1967 νεῶν,

189 1985 274 2063 χωρὶς
292 1985 415 2044 ἑκάστων
432 1989 486 2044 τῶν
505 1985 664 2063 ἐπιχωρίων,
685 1985 842 2059 ἐπιβατέων,
859 1986 992 2060 Περσέων

190 2099 221 2132 τε
242 2074 287 2132 καὶ
308 2073 413 2150 Μήδων
433 2074 479 2132 καὶ
497 2073 607 2136 Σακέων
624 2071 773 2149 τριήκοντα
786 2070 890 2148 ἄνδρες·
912 2069 992 2136 οὗτος

189 2161 278 2224 ἄλλος
299 2161 398 2239 ὅμιλος
417 2163 523 2242 γίνεται
544 2160 704 2238 τρισμύριοι
727 2160 772 2218 καὶ
796 2160 990 2238 ἑξακισχίλιοι,

190 2250 235 2307 καὶ
258 2249 335 2326 πρός,
355 2249 495 2325 διηκόσιοί
512 2273 543 2307 τε
566 2250 612 2306 καὶ
633 2248 708 2308 δέκα·
730 2247 886 2324 προσθήσω
908 2247 931 2306 δ’
953 2249 992 2307 ἐτι

188 2337 276 2416 τούτῳ
294 2339 339 2395 καὶ
359 2343 398 2416 τῷ
414 2337 538 2415 προτέρῳ
556 2335 664 2414 α’ριθμῷ
684 2334 749 2398 τούς
771 2341 800 2394 ἐκ
821 2339 876 2394 τῶν
894 2362 992 2413 πεντη-

190 2428 331 2502 κοντέρων,
345 2424 475 2499 ποιήσας,
490 2422 505 2483 ὅ
518 2450 546 2483 τι
559 2425 647 2483 πλέον
660 2423 694 2499 ἦν
707 2424 810 2482 αὐτέων
823 2422 841 2500 ἢ
856 2425 990 2502 ἔλασσον,

191 2511 233 2570 (ἶν’
249 2510 406 2592 όγδιόκοντα
426 2510 526 2588 ἄνδρας
547 2515 654 2571 ἐνεῖναι·
676 2513 833 2592 συνελέχθη
854 2513 884 2571 δέ
904 2517 992 2572 ταῦτα

188 2599 224 2658 τά
245 2603 339 2668 πλοῖα,
363 2599 397 2662 ὦς
421 2601 466 2658 καὶ
488 2599 623 2677 πρότερόν
641 2626 690 2676 μοι
713 2601 811 2677 εἰρέθη,
834 2602 991 2678 τρισχίλια·

188 2686 242 2763 ἥδη
261 2686 297 2746 ὧν
315 2686 410 2765 ἄνδρες
429 2687 463 2747 ἂν
482 2689 536 2747 εἶεν
554 2693 582 2747 ἐν
596 2687 707 2748 αὐτοῖσι
721 2689 853 2764 τέσσερες
862 2688 993 2764 μυριάδες

189 2775 235 2832 καὶ
249 2776 344 2834 εἴκοσι
379 2780 461 2836 τοῦτο
474 2777 526 2853 μέν
540 2803 587 2836 νυν
599 2776 632 2835 τό
647 2781 676 2834 ἐκ
690 2780 740 2851 τῆς
752 2775 852 2851 Ἀσίης
865 2776 993 2836 ναυτικόν

188 2862 231 2939 ἦν,
241 2862 356 2940 σύμπαν
367 2864 413 2924 ε’δν
423 2863 593 2940 πεντήκοντα
602 2863 733 2941 μυριάδες
742 2865 787 2922 καὶ
797 2865 857 2940 μία,
867 2864 993 2942 χιλιάδες

188 2977 220 3010 τε
241 2952 332 3011 ἐπεισι
354 2952 400 3010 ἐπὶ
416 2952 534 3030 ταύτῃσι
553 2950 631 3019 ἐπτοὶ,
651 2953 696 3009 καὶ
718 2952 796 3028 πρός,
817 2951 993 3015 ἑκατοντάδες

189 3039 227 3109 ἐξ,
241 3041 287 3098 καὶ
301 3039 390 3102 δεκάς.
425 3043 475 3098 τοῦ
485 3040 514 3097 δὲ
528 3039 612 3108 πεζοῦ
627 3039 822 3115 ἐβδομήκοντα
836 3041 881 3097 καὶ
896 3039 994 3098 ἐκατὸν

188 3127 318 3204 μυριάδες
340 3129 472 3208 ἐγίνοντο·
507 3130 562 3186 τῶν
583 3126 613 3184 δέ
635 3129 738 3187 ἱππέων
760 3126 832 3187 όκτῶ
852 3127 992 3204 μυριάδες·

189 3214 346 3291 προσθήσω
364 3213 387 3273 δ’
401 3217 441 3272 ἐτι
456 3213 582 3274 τούτοισι
599 3214 649 3276 τοὶς
668 3215 811 3291 καμήλους
827 3214 893 3276 τούς
911 3214 994 3273 ἐλαύ-

560 3300 567 3320 Q
618 3300 626 3322 λ

189 3329 286 3364 νοντας
295 3301 454 3377 Ἀραβίους,
464 3301 509 3362 καὶ
518 3327 583 3364 τους
592 3326 627 3360 τα
635 3301 746 3377 ἅρματα
754 3303 873 3378 Λίβυας,
882 3302 994 3376 πλῆθος
