2276 3538
144 164 254 227 704]
505 164 618 212 υτιυα.
916 161 947 214 οι

144 245 323 321 προσέβαλε,
337 246 439 320 μοῦνος
450 246 535 304 τοῦτο
549 243 659 304 πάντων
671 243 705 321 δή
718 247 773 304 τῶν
790 243 945 325 γενομένων

145 332 292 408 βασιλέων
305 337 334 391 ἐν
348 331 463 411 Σπάρτη
476 332 608 408 ποιήσας.

187 420 356 498 Λευτυχίδης
373 420 402 480 δὲ
421 420 437 479 ό
454 420 605 498 Μενάρεος,
621 419 791 499 Δημαρήτου
808 420 991 482 «aram-71

145 508 271 578 σθέντος,
293 508 431 578 διεδέξατο
454 509 506 584 τήν
528 510 696 585 βασιληίην·
726 510 775 568 καί
794 512 821 568 οἳ
840 509 943 589 γίνεται

145 593 211 660 πάῖς
221 597 396 673 Ζευξίδημος,
405 595 499 673 τόνδή
513 600 657 658 Κυνίσκον
666 597 839 674 μετεξέτεροι
853 599 945 673 Σπαρ-

145 685 259 759 τιητέων
280 685 404 746 ἐκάλεον.
447 682 527 749 οὗτος
546 686 563 746 ό
585 686 754 762 Ζευξίδημος
773 684 825 744 οὐκ
846 684 947 760 ἐβασί-

144 776 230 832 λευσε
246 774 384 852 Σπάρτης·
398 773 454 852 πρό
465 776 637 854 Λευτυχίδεω
649 775 705 857 γάρ
718 779 844 854 τελευτᾷ,
855 773 946 832 λιποίν

144 863 231 922 παῖδα
244 861 424 942 Ἀρχιδημον·
441 865 612 943 Λευτυχίδης
625 864 654 923 δέ
664 863 808 940 στερηθεὶς
819 861 945 938 Ζευξιδή-

144 975 199 1024 μου
220 953 319 1032 γαμέει
346 952 475 1029 δευτέρην
500 957 618 1032 γυναίκα
643 951 817 1029 Εὐρυδάμην,
843 955 945 1010 ἐοῦσαν

145 1041 251 1097 Μενίου
269 1043 320 1116 μὲν
338 1040 480 1116 ἀδελφεήν
499 1041 685 1118 Διακτορίδεω
701 1041 731 1100 δὲ
745 1041 893 1121 θυγατέρα·
914 1045 943 1098 ἐκ

146 1128 196 1198 τῆς
210 1129 236 1183 οἱ
250 1128 330 1202 ἐρσεν
343 1131 393 1203 μὲν
405 1129 512 1208 γινέται
526 1127 612 1198 οὐδὲν,
624 1128 747 1208 θυγάτηρ
758 1129 787 1186 δὲ
798 1128 944 1204 Λαμπιτώ·

146 1210 199 1286 τήν
214 1211 385 1291 Ἀρχίδημος
405 1215 420 1274 ὁ
442 1215 611 1292 Ζευξιδήμου
632 1217 738 1296 γαμέει,
759 1215 854 1277 δόντος
874 1213 946 1294 αὐτῷ

146 1301 329 1378 Λευτυχίδεω.
368 1300 414 1364 .οί
432 1304 484 1377 μὲν
501 1301 564 1361 οὐδὲ
582 1303 751 1380 Λευτυχίδης
766 1303 905 1382 κατεγήρα
918 1308 946 1362 ἐν
955 1304 993 1364 72

146 1387 271 1468 Σπάρτη,
286 1389 363 1448 ἀλλά
376 1391 452 1450 τίσιν
464 1390 572 1465 τοιήνδε
585 1390 647 1450 τινὰ
658 1390 817 1470 Δημαρήτῳ
830 1391 945 1459 ἐξέτισε·

145 1478 342 1558 ἐστρατήγησε
354 1478 602 1555 Λακεδαιμονίοισι
616 1483 643 1542 ἐς
656 1479 829 1553 Θεσσαλίην,
842 1479 946 1556 παρεόν

144 1563 176 1625 δέ
188 1568 215 1624 οἶ
228 1565 374 1645 ὑποχείρια
391 1566 484 1626 πάντα
501 1566 679 1643 ποιήσασθαι
697 1567 885 1645 ἐδωροδόκησε
898 1567 945 1646 α’ρ·

143 1652 241 1732 γόριον
258 1655 343 1714 πολύ·
372 1655 413 1714 ἐπ’
433 1655 587 1736 αὐτοφώρῳ
604 1657 634 1715 δέ
651 1655 738 1720 α’λοιίς
756 1655 841 1716 αὐτοῦ
860 1661 889 1716 ἐν
908 1661 946 1737 τῷ

143 1743 324 1823 στρατοπέδῳ
353 1744 553 1822 ἐπικατήμενος
581 1745 681 1824 χειρίδι
704 1746 779 1823 πλέῃ
803 1744 942 1826 άργυρίου,

144 1829 231 1910 ἔφυγε
245 1836 274 1889 ἐκ
289 1832 426 1910 Σπάρτης,
439 1832 494 1893 ὖπό
506 1833 684 1910 δικαστήριον
694 1833 837 1911 ὑπαχθείς·
851 1835 897 1892 καὶ
910 1833 945 1892 τοί
1013 1851 1020 1864 ·

144 1920 217 1976 οἰκία
231 1923 258 1979 οἰ
273 1921 446 1998 κατεσκάφη·
468 1923 554 2003 ἔφυγε
568 1923 598 1982 δέ
612 1927 639 1984 ἐς
651 1923 764 2002 Τεγέην,
779 1923 825 1980 καὶ
839 1921 944 1980 ἐτελεύ-

143 2031 214 2081 τησε
228 2013 257 2068 ἐν
270 2009 366 2088 ταύτῃ·
380 2013 468 2069 ταῦτα
481 2013 533 2086 μὲν
546 2011 580 2084 δή
595 2011 704 2090 ἐγένετο
717 2009 809 2088 χρόνῳ
818 2008 944 2086 ὕστερον.

178 2095 249 2156 Τότε
268 2097 297 2155 δέ
314 2097 349 2160 ὥς
361 2101 399 2176 τῷ
410 2102 565 2174 Κλεομένεϊ
584 2097 710 2173 εὐωδιόθη
728 2098 761 2157 τό
780 2103 808 2160 ἐς
823 2098 873 2156 τόν
888 2103 943 2172 Δη-
954 2099 992 2157 73

143 2182 270 2260 μάρητον
284 2191 411 2267 πρῆγμα,
427 2185 525 2245 αὐτίκα
538 2185 715 2262 παραλαβιίν
724 2185 893 2263 Λευτυχίδεα
903 2183 946 2260 ἤϊε

145 2271 190 2328 ἐπὶ
205 2272 269 2336 τοιίς
287 2273 446 2354 Αἰγινήτας,
462 2273 551 2333 δεινόν
563 2273 626 2332 τινά
637 2279 693 2348 σφι
707 2273 820 2353 ἔγκοτον
838 2272 883 2331 διά
896 2273 946 2332 τόν

144 2362 384 2438 προπηλακισμόν
403 2364 482 2439 ἔχων.
524 2360 595 2420 οὕτω
617 2361 651 2436 δή
669 2361 731 2420 οὔτε
750 2365 776 2420 οἰ
789 2366 944 2442 Αἰγινῆται,

144 2447 312 2526 άμφοτέρων
331 2454 387 2509 τῶν
406 2450 551 2525 βασιλέων
571 2449 694 2525 ήκόντων
711 2449 752 2508 ἐπ’
769 2449 876 2519 αὖτοιίς,
893 2451 944 2510 ἐδι-

145 2538 237 2596 καίευν
250 2540 289 2598 ἔτι
303 2537 481 2613 ἀντιβαίνειν,
493 2539 593 2596 ἐκεῖνοί
600 2564 631 2596 τε
642 2537 834 2614 ἐπιλεξάμενοι
845 2538 945 2615 ἄνδρας

144 2625 211 2683 δέκα
228 2627 395 2706 Αἰγινητέων
414 2625 478 2688 τούς
496 2627 633 2684 πλείστου
654 2625 746 2694 α’ξίους
767 2627 812 2684 καί
833 2626 945 2705 πλούτῳ

145 2713 191 2772 καὶ
213 2715 295 2794 γένεϊ,
313 2713 384 2795 ἦγον
409 2714 454 2772 καί
475 2713 579 2776 ἄλλους
601 2715 647 2772 καὶ
671 2713 704 2789 δή
729 2716 774 2773 καὶ
799 2714 888 2791 Κρῖόν
913 2740 944 2773 τε

144 2800 194 2860 τόν
213 2804 390 2879 Πολυκρίτου
404 2803 449 2860 καὶ
464 2801 628 2878 Κάσαμβον
641 2801 690 2860 τόν
704 2801 943 2879 Ἀριστοκράτεος,

146 2889 226 2966 οἷπερ
241 2890 317 2968 εἶχον
329 2892 465 2970 μέγιστον
479 2888 587 2965 κράτος
609 2887 760 2969 α’γαγάντες
771 2891 802 2949 δέ
811 2897 902 2963 σφεας
918 2894 945 2951 ἐς

145 2981 199 3058 γῆν
218 2978 270 3053 τήν
289 2977 426 3053 Ἀττικήν,
443 2977 608 3053 παραθήκην
624 2977 821 3054 παρατίθενται
838 2981 865 3036 ἐς
880 2975 945 3038 τούς

146 3066 294 3144 ἐχθίστους
309 3065 477 3146 Αἰγινήτῃσι
489 3065 658 3140 Ἀθηναίους.
702 3064 783 3123 Μετά
802 3064 831 3121 δὲ
847 3065 942 3131 ταῦτα,
952 3064 990 3123 74

146 3155 309 3231 Κλεομένεα
329 3154 464 3213 ἐπάῖστον
483 3152 632 3233 γενόμενον
653 3150 896 3228 κακοτεχνήσαντα
917 3154 944 3211 ἐς

146 3241 317 3319 Δημάρητον
329 3243 411 3318 δεῖμα
424 3243 512 3316 ἔλαβε
527 3239 731 3316 Σπαρτιητέων,
746 3239 791 3293 καὶ
806 3235 944 3312 ὑπεξέσχε

147 3336 175 3393 ἐς
192 3331 365 3402 Θεσσαλίην·
388 3331 511 3388 ἐνθεῦτεν
527 3327 557 3384 δὲ
575 3322 741 3396 ἀπικόμενος
754 3327 781 3382 ἐς
793 3319 945 3396 τήνἈρκα-
