2262 3534
164 135 272 197 ⁸5--69]
466 133 654 182 ΚΑΛΛῙΟΙΙΗ.
917 129 965 178 313

164 215 258 274 οὐκέτι
268 211 317 272 τάν
331 211 413 270 αι’·τδν
428 212 536 289 κόσμον
547 211 705 292 κατηγέετο,
716 203 794 269 ἀλλά
803 208 855 284 τήν
864 209 964 286 ταχίσ-

163 329 219 378 την-
234 300 365 378 ἐτρόχαζε
385 301 503 380 φεόγων,
518 299 581 360 οὔτε
598 305 626 362 ἐς
641 299 673 358 τὰ
691 297 802 367 ξύλινον
816 297 879 357 αι’πε
892 303 920 360 ἐς
931 295 966 357 τά

164 391 297 466 Θηβαίων
309 393 409 467 τεῖχος,
425 387 491 447 ἀλλ’
506 393 533 452 ἐς
546 389 666 458 Φωκέας,
680 387 783 446 ἐθέλων
797 385 831 448 αἶς
843 385 966 466 τάχιστα
1003 453 1006 458 ,

165 480 211 538 ἐπὶ
224 478 273 537 τόν
286 476 504 552 Ἑλλήσποντον
522 475 683 538 ἀπικέσθαι·
705 475 752 534 καὶ
763 473 803 544 ,δή
820 472 897 534 οὗτοι
915 478 966 552 μὲν

164 566 251 644 παίσῃ
279 565 440 643 ἐτράποντο.
482 569 543 625 Τῶν
570 565 600 624 δὲ
626 563 722 624 ἀλλων
744 562 890 638 Ἑλλήνων
912 569 966 624 τῶν
975 564 1012 625 67

164 655 235 732 μετά
248 655 387 730 βασιλέος
405 651 649 722 ἐθελοκακεόντων,
663 652 781 712 Βοιωτοὶ
791 652 965 726 Ἀθηναίοισι

165 744 341 821 ἐμαχέσαντο
359 742 462 822 χρόνον
483 743 528 802 ἐπὶ
548 741 663 820 συχνόν·
688 744 715 800 οἱ
733 739 789 821 γάρ
807 741 967 816 μηδίζοντες

163 835 219 891 τῶν
246 832 387 907 Θηβαίων,
413 828 489 890 οὗτοι
511 830 587 909 εἶχον
606 830 764 906 προθυμίην
786 828 836 888 οὐκ
857 828 965 910 ὀλίγην,

164 919 336 998 μαχεόμενοί
353 946 385 980 τε
405 919 451 978 καὶ
473 919 523 978 οὐκ
544 919 769 981 ἐθελοκακέοντες
796 917 866 978 οὕτω
894 917 966 978 ὥστε

164 1007 321 1083 τριηκόσιοι
348 1008 439 1068 αὐτῶν
463 1011 491 1067 οἱ
512 1011 617 1083 πρῶτοι
644 1007 690 1064 καὶ
713 1005 824 1083 ἄριστοι
848 1009 966 1072 ἐνθαῦτα

166 1096 268 1155 ἔπεσον
283 1095 339 1156 όπά
357 1096 521 1172 ’λθηναίων
545 1093 580 1158 ὥς
596 1095 626 1154 δὲ
642 1093 794 1171 ἐτράποντο
814 1096 860 1154 καὶ
878 1092 966 1164 οὗτοι,

166 1184 284 1264 ἔφευγον
303 1190 330 1246 ἐς
347 1184 397 1248 τάς
410 1183 510 1260 Θήβας
523 1183 572 1243 οὔκ
585 1179 658 1261 ᾗπερ
671 1185 698 1242 οἱ
711 1183 832 1259 Πέρσαι·
854 1183 967 1242 καὶτῶν

166 1270 261 1330 ἄλλων
275 1271 431 1350 συμμάχων
445 1272 461 1331 ό
476 1276 529 1334 πᾶς
542 1271 641 1348 ὅμιλος
652 1269 715 1330 οὔτε
725 1270 966 1349 διαμαχεσάμενος

166 1359 256 1418 οὐδενὶ
272 1358 341 1420 οὔτε
364 1385 392 1418 τι
415 1359 619 1436 ἀποδεξάμενος
647 1359 774 1439 ἔφευγον.
817 1363 911 1434 Δηλοῖ
934 1385 965 1418 τε
975 1361 1014 1420 68

166 1448 229 1524 ἐμοὶ
242 1447 285 1508 ὅτι
298 1448 390 1508 πάντα
402 1447 437 1507 τά
450 1448 604 1528 πρήγματα
616 1450 671 1506 τῶν
681 1446 837 1524 βαρβάρων
847 1445 966 1524 ἤρτηντο

166 1541 196 1594 ἐκ
215 1539 357 1614 Περσέων,
378 1537 464 1596 εἶκαὶ
481 1536 546 1596 τότε
565 1533 642 1595 οὗτοι
659 1535 725 1612 πρὶν
738 1533 756 1610 ἢ
771 1535 815 1593 καὶ
829 1537 966 1612 συμμίξαι

164 1628 241 1686 τοῖσι
253 1626 417 1702 πολεμίοισι
427 1626 553 1706 ἔφευγον,
566 1623 609 1684 ὅτι
623 1624 669 1682 καὶ
678 1623 742 1686 τοῦς
756 1625 872 1701 Πέρσας
881 1625 964 1701 ὥρων,

160 1712 236 1772 οὕτω
258 1741 290 1773 τε
310 1713 411 1778 πάντες
430 1715 561 1794 ἐφευγον,Ι
579 1711 656 1788 πλήν
677 1717 727 1788 τῆς
754 1713 840 1772 ἵππου
863 1719 913 1790 τῆς
935 1740 967 1774 τε

166 1799 257 1877 ἀλλης
277 1804 323 1861 καὶ
339 1808 390 1878 τῆς
408 1804 550 1877 Βοιωτίης·
577 1801 647 1877 αὕτη
665 1801 694 1860 δέ
710 1807 836 1862 τοσαῦτα
856 1829 966 1878 προσω-

167 1891 252 1962 φέλεε
273 1890 337 1953 τούς
358 1890 520 1970 φεύγοντας,
540 1891 596 1947 αἰεί
614 1914 644 1947 τε
665 1889 736 1963 πρός
752 1893 806 1948 τῶν
823 1893 965 1966 πολεμίων

165 1975 289 2058 ἄγχιστα
306 1982 393 2038 ἐοῦσα
411 1976 585 2056 ἀπείργουσά
600 2002 631 2036 τε
646 1976 711 2039 τους
724 1978 836 2052 φιλίους
850 1977 966 2058 φεύγον-

165 2091 215 2127 τας
227 2064 283 2124 άπδ
297 2069 353 2124 τῶν
365 2064 518 2139 Ἑλλήνων.
545 2067 582 2122 Οἱ
594 2066 646 2140 μέν
660 2063 693 2138 δή
708 2069 833 2127 νικῶντες
847 2066 965 2136 εἶποντοᾼ
975 2069 1013 2126 69

165 2152 230 2214 τούς
256 2153 364 2228 Ξέρξεω
386 2152 528 2214 διώκοντές
551 2178 582 2210 τε
610 2152 655 2210 καὶ
680 2151 851 2226 φονεύοντες·
884 2157 913 2212 ἐν
936 2153 966 2212 δὲ

165 2238 254 2318 τούτῳ
268 2245 306 2318 τῷ
322 2241 457 2320 γινομένῳ
476 2239 560 2319 φόβῳ
575 2239 747 2320 ἀγγέλλεται
760 2242 836 2300 τοῖσι
850 2239 968 2300 άλλοισι

163 2315 289 2402 Ἕλλησι
312 2331 389 2386 τοῖσι
410 2329 607 2408 τεταγμένοισι
634 2327 698 2403 περὶ
722 2326 754 2386 τό
776 2326 893 2404 Ἡραῖον
921 2330 967 2388 καὶ

166 2414 399 2496 ἀπογενομένοισι
414 2419 464 2490 τῆς
482 2414 582 2493 μάχης,
597 2415 640 2475 ὅτι
657 2415 736 2494 μάχη
752 2441 783 2475 τε
799 2418 898 2498 γέγονε
920 2417 967 2476 καὶ

166 2507 260 2582 νικῷεν
274 2507 300 2562 οἶ
313 2502 384 2578 μετά
402 2505 578 2562 Παυσανίεω·
601 2503 670 2563 οἶδὲ
685 2503 854 2568 ἀκούσαντες
868 2509 965 2580 ταῦτα,

166 2589 263 2650 ου’δένα
284 2591 393 2668 κόσμον
412 2592 567 2670 ταχθέντες,
589 2596 615 2651 οἱ
634 2596 687 2670 μὲν
706 2592 782 2670 ἀμφὶ
803 2594 968 2670 Κορινθίους

167 2679 318 2756 ἐτράποντο
341 2678 386 2738 διά
402 2684 452 2756 τῆς
472 2680 596 2757 ὖπωρέης
618 2681 664 2740 καὶ
690 2684 745 2740 τῶν
766 2685 893 2742 κολωνῶν
913 2681 966 2758 τήν

167 2769 310 2844 φέρουσαν
328 2776 392 2842 ἅνω,
417 2768 460 2830 ἴθι)
479 2773 530 2828 τοῦ
552 2773 611 2845 ἱροῦ
631 2774 681 2844 τῆς
702 2769 861 2847 Δήμητρος·
890 2775 916 2829 οἶ
936 2771 967 2830 δέ

166 2855 241 2932 ἀμφὶ
254 2859 402 2938 Μεγαρέας
414 2883 445 2916 τε
459 2858 505 2916 καὶ
517 2859 672 2920 Φλιασίους
685 2858 730 2918 διά
742 2862 793 2917 τοῦ
807 2859 902 2917 πεδίου
914 2859 967 2934 τήν

166 2944 312 3020 λειοτάτην
324 2949 378 3005 τῶν
392 2945 471 3005 ὁδῶν·
493 2947 555 3004 ἐπεί
565 2972 597 3006 τε
610 2947 639 3005 δὲ
653 2946 744 3027 ἀγχοῦ
756 2951 811 3005 τῶν
824 2948 966 3022 πολεμίων

155 3033 290 3111 ’ἐγίνοντο
301 3036 327 3092 οἶ
340 3036 484 3114 Μεγαρέες
498 3036 544 3093 καὶ
557 3035 699 3108 Φλιάσιοι,
715 3035 859 3098 ἀπιδόντες
873 3037 1001 3110 σφέαςῖῗ

166 3124 192 3180 οἱ
204 3125 259 3182 τῶν
269 3123 401 3198 Θηβαίων
412 3121 528 3182 ἱππόται
538 3124 731 3204 ἐπειγομένους
741 3123 839 3183 οὐδένα
849 3123 964 3200 κόσμον,

165 3208 287 3286 ἤλαυνον
314 3209 356 3269 ἐπ’
383 3210 482 3274 αὐτους
508 3210 572 3274 τούς
605 3212 714 3274 ἵππους·
746 3216 800 3271 τῶν
828 3211 965 3290 ἱππάρχεε

158 3297 366 3377 ,Ἀσωπόδωρος
380 3299 396 3360 ὁ
409 3297 576 3375 Τιμάνδρου·
598 3298 766 3362 ἐσπεσόντες
784 3300 814 3359 δὲ
833 3301 965 3360 κατεστό-

1041 3379 1117 3466 Δ
