2278 3538
138 145 262 214 99-102]
476 147 627 195 OTPANIA.
887 149 934 196 259

138 225 162 285 δ’
179 224 234 302 ἄρα
250 251 295 285 τοι
308 225 500 303 βεβούλευται
518 224 601 286 αὐτόν
614 225 806 287 ἀπελαύνοντα
819 225 938 307 α’πάγειν

137 313 190 389 τήν
206 313 350 391 στρατιήν,
369 313 462 389 ἄλλην
478 315 532 392 ἔχω
549 315 595 372 καὶ
613 319 642 372 ἐκ
661 315 746 374 τῶνδε
758 315 877 391 βουλήν·
900 315 937 374 σύ

138 403 262 480 Πέρσας,
270 404 404 478 βασιλεῦ,
418 403 459 479 μή
472 402 594 482 ποιήσῃς
605 402 831 484 καταγελάστους
843 405 937 484 γενέσ-

138 491 186 551 θαι
194 489 331 566 Ἕλλησι·
353 489 498 572 οὐδὲνγὰρ
512 497 541 552 έν
553 495 630 552 τοῖσι
644 491 777 570 Πέρσησι
791 490 938 567 δεδήληται

137 583 192 639 τῶν
212 577 391 659 πρηγμάτων,
410 577 473 638 ούδὲ
495 583 564 656 ε’ρεῖς
585 579 651 664 όκου
673 579 824 661 ἐγενόμεθα
844 577 939 657 ἄνδρες

138 669 228 728 κακοί·
254 671 278 726 εἰ
295 667 325 728 δὲ
344 668 468 732 Φοίνικές
480 695 511 729 τε
525 669 571 728 καὶ
584 667 742 750 Αἰγύπτιοι
752 669 798 726 καὶ
817 668 942 746 Κύπριοί

137 783 169 816 τε
187 757 234 816 καὶ
253 756 369 820 Κίλικες
387 758 466 816 κακοὶ
482 759 616 840 ἐγένοντο,
638 756 807 834 ούδένπρός
823 758 939 834 Πέρσας

138 849 220 904 τοῦτο
231 844 369 922 προσήκει
379 844 412 904 τό
425 844 523 908 πάθος.
552 845 662 922 ἤδηῶν,
673 845 767 922 ἐπειδὴ
782 843 814 904 ού
828 847 940 922 Πέρσαι

137 957 182 992 τοι
195 933 282 993 α’ίτιοί
293 937 356 1003 εἶσι,
370 933 432 1009 ἐμοὶ
442 933 547 994 πείθεο·
565 935 590 992 εἴ
601 959 645 993 τοι
658 934 785 994 δέδοκται
797 933 837 1010 μή
851 958 939 1009 παρα-

137 1021 238 1097 μένειν,
260 1020 297 1080 σι)
315 1023 367 1098 μὲν
389 1026 416 1084 ἐς
437 1020 509 1099 ᾔθεα
531 1022 566 1081 τοὶ
587 1026 710 1082 σεωυτοῦ
731 1021 870 1082 ἀπέλαυνε
890 1024 941 1096 τῆς

138 1114 273 1186 στρατιῆς
294 1109 408 1192 ἀπάγων
426 1109 459 1170 τό
480 1109 601 1170 πολλόν·
627 1113 675 1186 έμέ
696 1109 727 1168 δέ
744 1135 792 1168 σοι
812 1109 867 1188 χρή
888 1109 940 1184 τήν

138 1196 265 1258 Ἑλλάδα
279 1201 438 1278 παρασχεῖν
454 1198 668 1274 δεδουλωμένην,
682 1196 831 1274 τριήκοντα
843 1195 939 1273 μυριά-

139 1285 188 1349 δας
202 1291 252 1346 τοῦ
271 1291 394 1365 στρατοῦ
411 1284 645 1363 άπολεξάμενον.”
686 1289 780 1344 Ταῦτα
798 1283 920 1347 ἀκούσας
931 1285 985 1344 101

139 1375 244 1451 Ξέρξης
264 1375 299 1438 ὥς
312 1381 342 1435 έκ
356 1379 446 1435 κακῶν
460 1374 546 1454 ἐχάρη
565 1400 596 1434 τε
610 1374 657 1432 καὶ
669 1372 755 1449 ἥσθη·
777 1372 846 1450 πρός
860 1379 940 1448 Map-

140 1461 231 1521 δόνιόν
244 1489 283 1532 τε,
298 1463 527 1540 βουλευσάμενος
546 1463 601 1539 ἔφη
620 1460 832 1539 ἀποκρινεῖσθαι
848 1459 941 1521 ὁκότε-

138 1575 188 1626 ρον
201 1551 314 1626 ποιήσει
327 1551 439 1612 τούτων·
462 1551 496 1614 ὥς
510 1551 539 1610 δὲ
553 1548 720 1627 ἐβουλεύετο
735 1548 793 1627 ἅμα
808 1550 942 1627 Περσέων

138 1641 215 1698 τοῖσι
233 1640 418 1715 ἐπικλήτοισι,
433 1639 510 1710 ἔδοξέ
525 1642 552 1699 οἶ
572 1639 617 1698 καὶ
635 1637 815 1716 Ἀρτεμισίην
829 1643 856 1702 ές
870 1664 940 1715 συμ-

138 1726 260 1802 βουλίην
286 1729 530 1806 μεταπέμψασθαι,
567 1727 611 1788 ὅτι
639 1727 775 1805 πρότερον
810 1727 940 1803 ἐφαίνετο

138 1812 227 1890 μούνη
252 1817 371 1876 νοέουσα
393 1816 429 1876 τά
452 1817 569 1893 ποιητέα
595 1815 639 1892 ἦν·
669 1815 704 1880 ὥς
728 1816 757 1874 δὲ
782 1815 896 1875 ἀπίκετο
923 1815 942 1890 ἦ

139 1901 312 1980 Ἀρτεμισίη,
333 1903 582 1982 μεταστησάμενος
601 1903 666 1967 τούς
686 1903 799 1974 ἄλλους,
822 1903 888 1966 τούς
910 1929 941 1962 τε

140 1992 322 2067 συμβούλους
345 1994 477 2069 Περσέων
504 1993 550 2050 καὶ
575 1991 639 2054 τούς
660 1991 839 2067 δορυφόρους,
865 1991 942 2058 ἔλεξε
967 1995 973 2004 ’

140 2079 244 2156 Ξέρξης
254 2081 329 2140 τάδε·
344 2091 361 2116 “
370 2079 476 2138 κελεύει
486 2082 522 2155 μὲ
533 2078 697 2154 Μαρδόνιος,
707 2087 709 2092 ’
714 2079 833 2154 μένοντα
847 2075 940 2145 αύτοῦ,

140 2170 291 2246 πειρᾶσθαι
303 2173 354 2244 τῆς
364 2166 597 2241 Πελοποννήσου·
615 2165 705 2246 λέγων
718 2165 754 2227 ὥς
766 2191 816 2240 μοι
833 2166 941 2240 Πέρσαι

139 2282 170 2316 τε
193 2257 239 2315 καὶ
260 2257 276 2316 ὁ
297 2256 381 2326 πεζός
402 2252 522 2330 στρατός
548 2252 656 2316 οὐδενός
677 2254 813 2329 μεταίτιοι
837 2251 941 2315 πάθεός

80 2379 83 2383 -
140 2349 204 2413 είσι,
227 2340 303 2404 ἀλλά
324 2342 530 2419 βουλομένοισί
551 2348 607 2417 σφι
624 2339 724 2422 γένοιτ’
748 2339 782 2400 ἂν
803 2340 940 2410 α’πόδεξις.

140 2434 189 2507 ἐμὲ
203 2430 240 2490 ὦν
252 2429 270 2505 ἢ
284 2434 372 2489 ταῦτα
392 2429 497 2488 κελεύει
509 2431 621 2499 ποιέειν,
634 2428 653 2506 ἢ
667 2429 750 2492 αύτὸς
763 2430 852 2489 ἐθέλει
865 2429 939 2506 τριή-

140 2545 225 2578 κοντα
245 2518 380 2595 μυριάδας
401 2516 608 2595 ἀπολεξάμενος
630 2522 680 2578 τοῦ
705 2522 827 2595 στρατοῦ
850 2543 938 2595 παρα-

140 2610 222 2684 σχεῖν
238 2633 287 2683 μοι
304 2607 355 2682 τήν
372 2605 499 2666 Ἑλλάδα
519 2605 734 2683 δεδουλωμένην·
756 2605 840 2666 αὐτόν
856 2607 887 2666 δέ
902 2633 938 2684 με

141 2693 247 2753 κελεύει
260 2694 424 2756 ἀπελαύνειν
437 2693 491 2754 σύν
504 2698 543 2773 τῷ
555 2699 645 2772 λοιπῷ
658 2699 770 2774 στρατῷ
784 2699 811 2758 ἐς
823 2694 892 2770 ἤθεα
905 2695 941 2754 τά

141 2781 203 2858 έμςί.
245 2783 282 2842 σύ
302 2783 339 2843 ὧν
355 2784 425 2861 ἐμοὶ,
445 2783 490 2842 καὶ
507 2782 643 2864 γάρπερὶ
663 2787 714 2857 τῆς
734 2783 888 2862 ναυμαχίης
911 2781 940 2842 εύ

140 2871 369 2947 συνεβούλευσας
383 2875 434 2947 τῆς
453 2872 603 2952 γενομένης
623 2869 673 2930 ούκ
695 2876 770 2931 ε’ῶσα
785 2871 940 2939 ποιέεσθαι,

139 2962 188 3020 νῦν
207 2984 239 3021 τε
262 2959 481 3036 συμβούλευσον
504 2958 620 3036 ὁκότερα
643 2959 743 3018 ποιέων
768 2957 887 3035 ἐπιτύχω
911 2954 941 3014 εὖ

139 3046 394 3124 βουλευσάμενος.”
427 3046 462 3106 ‘0
476 3049 527 3124 μέν
542 3051 631 3106 ταῦτα
650 3045 880 3122 συνεβουλεύετο·
902 3043 988 3118 ή102

140 3135 169 3194 δὲ
190 3140 267 3216 λέγει
288 3136 362 3195 τάδε·
392 3136 551 3210 “βασιλεῦ,
572 3132 700 3212 χαλεπόν
715 3133 767 3208 μέν
788 3136 850 3188 ἐστι
870 3155 940 3204 συμ-

139 3225 335 3304 βουλευομένῳ
353 3226 447 3301 τυχεῖν
464 3220 500 3280 τοῖ
516 3219 618 3297 ἄριστα
635 3221 763 3278 εἴπασαν·
786 3217 831 3274 ἐπὶ
846 3217 941 3292 μέντοι

138 3316 216 3372 τοῖσι
234 3311 389 3388 κατήκουσι
404 3308 561 3390 πρήγμασι,
576 3307 665 3368 δοκέει
681 3330 731 3383 μοι
744 3301 828 3364 αὐτόν
841 3303 893 3379 μέν
906 3328 941 3363 σε
