2268 3536
189 164 220 210 ιο
499 159 684 208 Ἥνοιοποτ
946 158 991 226 [ν.

186 237 399 315 ἀρρωδήσαντες
412 236 506 296 αὖτοῦ.
542 237 603 294 ἐπεί
619 263 650 296 τε
664 237 694 296 δὲ
708 240 734 296 οἶ
747 240 867 302 Παίονες
880 237 992 298 ἀπικέα-

186 353 220 384 το
235 329 280 384 ἐτὶ
295 326 447 386 θάλασσαν
462 327 589 386 ἐνθεῦτεν
599 332 627 390 ἐς
640 327 712 386 Χίον
725 326 872 402 διέβησαν·
894 327 992 390 ἐόντων

185 415 216 473 δέ
229 414 283 490 ἤδη
299 421 328 474 ἐν
338 416 406 494 Χίῳ,
422 414 493 474 κατά
507 414 596 478 πόδας
610 413 747 491 ἐληλύθεε
761 415 895 492 Περσέων
909 417 992 482 ἶππος

185 503 284 579 πολλή
306 502 445 563 διώκουσα
463 503 528 566 τούς
546 504 681 567 Παίονας.
723 504 758 566 οἷς
777 504 806 562 δὲ
823 503 856 564 οό
876 505 991 566 κατέλα-

184 595 250 669 βον,
266 592 478 673 ἐπηγγέλλοντο
500 597 528 656 ἐς
545 591 598 668 τήν
611 594 682 652 Χίον
701 596 778 652 τοῖσι
793 595 909 664 Παίοσι,
923 593 992 659 ὅκως

184 679 219 741 ἂν
232 681 325 740 ὀπίσω
339 679 499 740 ἀπέλθοιεν·
522 683 548 739 οἱ
565 680 594 739 δὲ
609 681 729 743 Παίονες
746 680 810 744 τοῦς
825 681 928 762 λόγους
942 683 990 742 οίκ

184 769 354 829 ἐνεδέκοντο·
376 768 441 826 ἀλλ’
455 773 485 828 ἐκ
499 769 572 828 Χίου
585 771 637 845 μέν
650 770 719 827 Χῖοί
728 775 820 843 σφεας
834 773 861 831 ἐς
871 770 990 844 Λέσβον

183 856 300 936 ἤγαγον,
316 856 440 932 Λέσβιοι
458 856 488 914 δέ
502 861 530 919 ἐς
544 858 686 934 Δορίσκον
701 856 844 932 ἐκόμισαν·
867 858 990 918 ἐνθεῦτεν

186 944 216 1003 δέ
236 945 306 1023 πεζῇ
329 944 505 1021 κομιζόμενοι
526 944 660 1004 ἀπικέατο
682 950 709 1008 ἐς
730 946 874 1020 Παιονίην.

135 1034 173 1092 99
223 1031 428 1112 Ἀρισταγόρης
444 1033 481 1102 δέ,
497 1032 591 1108 ἐπειδὴ
609 1034 639 1092 οἵ
651 1059 682 1092 τε
694 1033 838 1108 Ἀθηναῖοι
855 1031 989 1094 ἀπικέατο

182 1122 273 1179 εἴκοσι
281 1121 363 1195 νηυσὶ
377 1119 436 1195 ἅμα
450 1120 583 1201 ἀγόμενοι
590 1120 751 1198 Ἐρετριέων
761 1122 843 1181 πέντε
853 1121 987 1199 τριήρεας,

182 1209 209 1268 οἳ
228 1207 260 1268 οὗ
279 1208 331 1284 τήν
345 1207 499 1283 Ἀθηναίων
517 1209 599 1287 χάριν
618 1208 826 1284 ἐστρατεύοντο,
842 1207 920 1268 ἀλλά
937 1209 989 1286 τήν

180 1301 273 1358 αὐτῶν
294 1298 453 1373 Μιλησίων,
472 1296 645 1374 ὀφειλόμενά
662 1303 718 1372 σφι
739 1295 926 1360 ἀποδιδόντες·
951 1296 988 1376 (οἶ

180 1383 236 1465 γάρ
247 1386 281 1461 δή
294 1386 436 1460 Μιλήσιοι
446 1385 582 1462 πρότερον
592 1389 669 1444 τοῖσι
677 1383 850 1460 Ἐρετριεῦσι
860 1385 909 1444 τόν
918 1385 988 1457 πρός

183 1475 342 1535 Χαλκιδέας
352 1473 481 1550 πόλεμον
495 1473 694 1548 συνδιήνεικαν,
706 1473 815 1549 ὅτεπερ
826 1472 872 1530 καὶ
882 1477 986 1532 Χαλκι-

181 1561 261 1620 δεῦσι
282 1561 362 1620 ἀντία
382 1559 543 1636 Ἐρετριέων
564 1563 610 1619 καὶ
631 1562 782 1634 Μιλησίων
803 1559 904 1635 Σάμιοι
923 1562 987 1636 ἐβο-

180 1647 286 1724 ήθεον)
310 1646 387 1707 οὗτοι
404 1647 441 1706 ὦν
458 1649 520 1706 ἐπεί
534 1649 567 1708 τέ
583 1657 639 1725 σφι
653 1648 787 1709 ἀπικέατο
802 1648 847 1706 καὶ
861 1651 888 1706 οἶ
902 1647 986 1708 ἄλλοι

181 1735 329 1814 σύμμαχοι
347 1735 488 1812 παρήσαν,
503 1738 626 1797 ἐποιέετο
646 1737 800 1814 στρατηίην
821 1735 837 1796 ό
856 1735 986 1813 Ἀριστα·

157 1833 158 1838 ’
180 1823 266 1903 γόρης
291 1829 317 1886 ἐς
342 1823 452 1900 Σάρδις.
494 1824 577 1888 αὖτίς
597 1828 649 1902 μέν
675 1824 709 1901 δή
734 1823 783 1884 οὐκ
806 1824 986 1899 ἐστρατεύετο

180 1911 246 1970 ἀλλ’
261 1913 337 1988 έμενε
359 1918 388 1971 ἐν
408 1912 537 1992 Μιλήτῳ·
559 1913 735 1994 στρατηγοός
753 1913 782 1972 δέ
798 1911 903 1975 ἀλλους
921 1912 986 1972 ἀπέ-

181 2000 241 2069 δεξε
256 2002 406 2076 Μιλησίων
425 2001 501 2071 εἶναι,
516 2002 565 2061 τόν
579 2006 679 2060 ἑωυτοῦ
693 2029 724 2061 τε
738 2000 878 2077 ἀδελφεόν
894 2008 984 2078 Χαρο-

136 2091 194 2148 100
204 2093 285 2150 πῖνον
300 2090 410 2149 καὶτῶν
423 2088 518 2149 ἀλλων
532 2090 627 2149 ἀστῶν
639 2089 845 2166 Ἑρμόφαντον.
873 2088 985 2150 Ἀπικό-

179 2205 259 2254 μενοι
280 2179 310 2238 δὲ
329 2183 368 2258 τῷ
382 2178 478 2257 στόλῳ
494 2179 583 2258 τούτῳ
596 2179 689 2241 Ἴωνες
706 2183 732 2241 ἐς
741 2178 878 2252 Ἐφεσον,
897 2182 986 2238 πλοῖα

179 2271 231 2343 μὲν
248 2269 399 2328 κατέλιπον
419 2273 448 2327 ἐν
468 2268 613 2346 Κορήσσιρ
629 2272 680 2343 τῆς
700 2266 845 2342 Ἐφεσίης,
865 2264 943 2326 αὐτοὶ
956 2267 986 2329 δὲ

179 2355 329 2431 ἀνέβαινον
348 2358 421 2434 χειρὶ
448 2360 545 2433 πολλῇ
566 2356 725 2430 ποιεύμενοι
748 2355 900 2429 Ἐφεσίους
922 2355 982 2437 ἦγε-

180 2443 276 2519 μόνας·
304 2444 487 2520 πορευόμενοι
514 2444 543 2502 δὲ
567 2444 643 2519 παρά
667 2443 795 2520 ποταμόν
816 2443 984 2521 Καΰστριον,

181 2532 305 2590 ἐνθεῦτεν
324 2531 385 2588 ἐπεί
400 2557 430 2589 τε
448 2529 620 2607 ὑπερβάντες
636 2531 686 2591 τόν
702 2535 822 2607 Τμῶλον
840 2529 983 2605 ἀπίκοντο,

180 2619 307 2695 αἱρέουσι
327 2617 435 2694 Σάρδις,
450 2618 559 2682 οὐδενός
573 2625 629 2693 σφι
643 2618 831 2682 ἀντιωθέντος·
861 2621 986 2697 αἱρέουσι

180 2707 210 2765 δέ
223 2708 307 2784 χωρὶς
317 2711 366 2782 τῆς
380 2705 550 2783 ἀκροπόλιος
562 2705 656 2766 τάλλα
672 2707 774 2767 πάντα·
795 2707 847 2783 τήν
861 2708 891 2767 δέ
905 2707 985 2785 ἀκρό-

183 2799 265 2876 πολιν
290 2793 383 2871 ἐρόετο
401 2794 483 2856 αὐτός
500 2794 700 2872 Ἀρταφέρνης,
717 2797 787 2874 έχων
808 2795 924 2872 δύναμιν
940 2795 985 2855 ἀν-

135 2883 272 2960 ῙΟΙδρῶν
287 2882 335 2942 οὐκ
351 2882 459 2963 όλίγην.
501 2884 541 2942 Τό
563 2884 592 2942 δὲ
613 2883 653 2960 μή
668 2888 847 2960 λεηλατῆσαι
872 2884 986 2947 ἑλόντας

180 2972 273 3047 σφέας
286 2971 337 3046 τήν
350 2971 443 3042 πόλιν,
458 2975 526 3051 έσχε
539 2973 612 3032 τόδε·
637 2973 713 3048 ἦσαν
732 2977 761 3031 ἐν
781 2975 850 3050 τῇσι
867 2972 985 3048 Σάρδισι

180 3061 266 3119 οἰκίαι
293 3063 322 3118 αἱ
341 3062 393 3136 μὲν
413 3065 529 3122 πλεῦνες
552 3059 712 3136 καλάμιναι,
740 3059 808 3118 ὅσαι
832 3059 855 3118 δ’
882 3058 986 3119 αότέων

183 3149 230 3206 καὶ
243 3148 385 3208 πλίνθιναι
398 3146 474 3221 ἦσαν
488 3147 616 3222 καλάμου
631 3147 707 3224 εἶχον
719 3147 769 3210 τὰς
782 3146 899 3224 ὀροφάς.
923 3173 985 3208 του-

181 3237 249 3294 τέων
274 3235 307 3310 δή
331 3235 399 3311 μίαν
426 3239 481 3294 τῶν
501 3260 543 3295 τις
565 3235 755 3309 στρατιωτέων
780 3235 815 3298 οἷς
839 3234 983 3310 ἐνέπρησε,

181 3321 280 3380 αὐτίκα
296 3320 343 3380 ἀπ’
357 3323 444 3397 οἰκίης
462 3326 489 3384 ἐς
508 3324 596 3396 οἰκίην
612 3321 654 3380 zar
666 3319 700 3380 τό
713 3325 769 3398 πῦρ
788 3321 935 3398 ἐπενέμετο
950 3323 984 3384 τό
