2276 3538
158 186 298 251 ιιι-ιιι]
468 187 652 236 Πολύμνια.
910 187 956 239 ιιι
1007 242 1010 247 ,

157 267 298 343 μείναντες
307 271 461 346 ἀνέσχοντο
473 267 522 326 τόν
532 268 645 328 ἐπιόντα
659 267 704 326 ἐπὶ
716 267 768 344 την
777 266 871 346 χιόρην
881 267 956 337 δέξα-

158 356 234 414 σθαι.

199 445 366 521 Πέμψαντες
386 442 441 525 γάρ
465 447 491 502 οἱ
511 443 654 520 Ἀθηναῖοι
676 450 704 507 ἐς
724 443 857 518 Δελφούς
876 444 935 504 θεο-
947 445 1005 504 140

157 530 290 607 τρόπους,
311 530 568 610 χρηστηριάζεσθαι
589 531 664 606 ἦσαν
686 536 800 608 ἑτοῖμοι·
832 531 881 589 καί
901 537 958 607 σφι

157 618 298 694 ποιήσασι
319 621 382 697 περὶ
405 619 438 678 τό
463 619 521 695 ἱρόν
543 619 579 678 τά
605 619 780 696 νομιζόμενα,
809 618 845 682 οἷς
871 625 899 682 ἐς
924 618 957 678 τό

158 707 280 788 μέγαρον
298 706 462 770 ἐσελθόντες
480 707 578 780 ἵζοντο,
594 707 682 788 χρᾷὴ
697 709 790 784 Πυθίη
803 712 838 787 τῇ
852 706 957 784 οὔνομα

157 793 193 868 ἦν
205 795 383 872 Ἀριστονίκη
396 796 471 855 τάδε·

216 923 247 972 Ὦ
258 927 346 984 μέλεοι,
359 925 384 972 τί
395 925 502 984 κάθησθε
512 942 518 984 ;
535 927 612 973 λιπὼν
623 923 692 988 φεῦγ’
704 929 799 988 ἔσχατα
810 927 881 990 γαίης

222 998 321 1054 δώματα
333 999 373 1044 καί
385 999 467 1045 πόλιος
479 1001 626 1058 τροχοειδέος
638 999 699 1061 ἀκρα
711 1001 808 1060 κάρηνα.

223 1071 277 1116 ούτε
288 1071 337 1129 γὰρ
349 1069 364 1126 ἡ
376 1071 471 1131 κεφαλὴ
482 1071 546 1127 μένει
559 1071 668 1130 ἔμπεδον,
683 1073 738 1119 ούτε
749 1073 776 1120 νδ
788 1073 865 1132 σῶμα,

223 1142 278 1187 οὔτε
289 1142 359 1190 πόδες
370 1143 457 1198 νέατοι,
471 1139 519 1190 οὔτ’
530 1141 562 1189 ιδν
572 1144 648 1204 χέρες,
664 1145 720 1190 οὔτε
729 1161 754 1190 τι
764 1145 856 1202 μέσσης

222 1212 340 1270 λείπεται,
355 1213 410 1260 ἀλλ’
420 1213 499 1272 ἄζηλα
510 1215 587 1262 τέλει’
605 1216 668 1262 κατά
678 1217 727 1276 γάρ
736 1233 777 1274 μιν
788 1217 875 1276 ἐρείπει

223 1285 271 1343 πῦρ
282 1301 309 1330 τε
321 1285 360 1332 καί
371 1286 423 1344 ὀξύς
431 1287 504 1347 Ἄρης
516 1287 658 1347 Συριηγενὲς
671 1285 737 1348 ἀρμα
749 1286 846 1336 διαίκων.

223 1357 304 1403 πολλὰ
316 1358 341 1403 δὲ
353 1357 420 1404 κᾶλλ’
433 1355 523 1404 ἀπολεῖ
532 1360 690 1419 πυργώματα,
706 1361 748 1406 κού
759 1359 787 1406 τὸ
798 1359 841 1406 σδν
852 1358 906 1405 οἷον·

222 1431 327 1477 πολλοὺς
338 1429 358 1476 δ’
370 1429 494 1477 ἀθανάτων
505 1431 572 1488 νηούς
583 1431 681 1492 μαλερῷ
691 1432 747 1493 πυρί
759 1432 836 1487 δώσει,

156 1547 158 1552 ,
222 1503 246 1548 οἵ
255 1518 302 1548 που
312 1503 351 1550 νῦν
362 1503 441 1562 ίδριῖιτι
451 1502 569 1563 ῥεούμενοι
577 1503 702 1560 ἑστήκασι,

221 1573 313 1630 δείματι
326 1575 481 1630 παλλόμενοι·
499 1575 562 1620 κατά
573 1573 595 1621 δ’
605 1573 744 1636 ἀκροτάτοις
756 1575 865 1636 ὀρόφοισι

221 1645 280 1702 αίμα
291 1647 367 1702 μέλαν
379 1646 486 1704 κέχυται,
501 1647 597 1707 προὶδδν
608 1647 739 1705 κακότητος
751 1648 866 1708 ἀνάγκας.

221 1717 278 1765 ἀλλ’
290 1720 340 1765 ίτον
352 1719 377 1777 ἐξ
389 1719 491 1776 ἀδύτοιο,
504 1719 584 1766 κακοῖς
596 1719 615 1766 δ’
629 1719 765 1768 ἐπικίδνατε
777 1721 855 1779 θυμόν.

154 1832 249 1887 Ταῦτα
276 1829 445 1892 ἀκούσαντες
469 1833 496 1888 οἱ
522 1834 577 1889 τῶν
599 1829 752 1907 Ἀθηναίων
776 1830 935 1909 θεοπρόποι,
947 1829 1001 1888 141

156 1921 292 1996 συμφορῇ
311 1921 347 1994 τῇ
371 1917 492 1998 μεγίστη
521 1918 663 1995 ἐχρέωντο·
697 1919 900 1995 προβάλλουσι
926 1916 956 1975 δέ

155 2005 247 2079 σφέας
258 2004 358 2068 αύτούς
367 2005 422 2064 ύτό
433 2010 483 2064 τοῦ
494 2011 579 2064 κακοῦ
592 2009 642 2064 τοῦ
653 2007 852 2085 κεχρησμένου,
864 2007 956 2080 Τίμων

149 2090 171 2158 ,ἀ
191 2091 408 2170 Ἀνδροβούλου,
426 2096 482 2152 τῶν
505 2097 627 2169 Δελφῶν
648 2092 717 2171 ἀνὴρ
739 2093 851 2170 δόκιμος
873 2092 957 2168 ὁμοῖα

154 2184 192 2258 τῷ
211 2181 346 2257 μάλιστα,
372 2181 561 2256 συνεβούλευέ
583 2188 639 2256 σφι
661 2182 798 2257 ἱκετηρίην
817 2181 951 2255 λαβοῦσι,

155 2267 267 2344 δεύτερα
287 2267 363 2331 αιἰτις
382 2268 514 2330 ἐλθόντας
535 2270 660 2346 χρᾶσθαι
679 2274 717 2347 τῷ
737 2269 898 2347 χρηστηρίῳ
920 2265 956 2328 ὥς

157 2356 255 2417 ἱκέτας·
276 2357 468 2433 πειθομένοισι
482 2357 511 2416 δὲ
525 2361 611 2415 ταῦτα
624 2359 701 2416 τοῖσι
713 2355 897 2432 Ἀθηναίοισι,
910 2355 956 2413 καὶ

155 2444 283 2524 λέγουσι·
311 2454 328 2479 “
337 2442 415 2517 ὦναξ,
435 2449 545 2523 χρῆσον
561 2443 628 2555 η’μῖν
648 2443 759 2522 ἀμεινόν
777 2471 805 2503 τι
823 2444 886 2552 περὶ
906 2446 956 2519 τῆς

155 2532 295 2609 πατρίδος,
323 2532 459 2596 αἰδεσθεὶς
485 2532 535 2595 τάς
562 2534 697 2610 ἱκετηρίας
723 2533 811 2593 τάσδε
836 2531 886 2594 τάς
911 2557 956 2590 τοι

153 2618 258 2698 ἥκομεν
266 2622 417 2730 φέροντες·
444 2621 462 2697 ἢ
484 2622 515 2681 οὔ
536 2647 579 2680 τοι
600 2621 702 2698 ἄπιμεν
722 2627 752 2682 ἐκ
773 2647 823 2681 του
810 2619 952 2694 α’δύτου,

154 2707 219 2768 ἀλλ’
240 2709 324 2770 αύτου
311 2709 410 2788 τῇδε
397 2713 571 2786 εμενέομεν,
593 2708 650 2768 ἐστ’
669 2708 703 2769 ἀν
722 2735 767 2768 και
757 2707 954 2784 τελωτόσω-

154 2797 230 2872 μεν·”
258 2803 346 2857 ταῦτα
369 2798 399 2856 δὲ
421 2796 573 2879 λέγουσιῆ
594 2797 747 2876 πρόμαντις
766 2823 823 2877 χρα
810 2795 955 2873 δεύτερα

154 2883 226 2944 τάδε·

218 2998 254 3048 Ού
262 3001 359 3048 δύναται
371 3001 473 3048 Παλλὰς
485 2999 521 3046 Δι’
535 3001 668 3059 Ὀλύμπιον
679 2999 846 3060 ἐξιλάσασθαι,

216 3073 348 3130 λισσομένη
360 3073 473 3119 πολλοῖσι
484 3073 565 3132 λύγοις
578 3074 617 3120 καὶ
627 3075 708 3131 μήτιδι
720 3071 806 3131 τυκνῇ.

218 3146 256 3193 σοί
267 3146 293 3192 δέ
304 3143 354 3192 τύδ’
364 3141 431 3192 αὖτις
442 3146 498 3193 έτος
510 3147 574 3206 έρέω,
585 3143 720 3203 Ἀθάμαντι
731 3144 865 3190 πελάσσας

217 3219 265 3264 τῶν
276 3218 358 3264 ἀλλων
369 3218 417 3278 γάρ
429 3216 596 3274 ἁλισκομένων,
612 3218 658 3264 ὅσα
670 3217 794 3275 Κέκροπος
805 3211 873 3274 ούρος

217 3289 281 3337 έντὸς
293 3290 344 3348 ἔχει
356 3287 461 3346 κενθμύν
471 3305 499 3334 τε
511 3289 655 3349 Κιθαιρῶνος
667 3287 767 3345 ζαθέοιο,

217 3360 297 3421 τεῖχος
309 3359 448 3421 Τριτογενεῖ
456 3362 548 3419 ξύλινον
560 3360 620 3410 διδοῖ
629 3359 732 3420 εὐρύοπα
745 3357 801 3405 Ζεύς
