2268 3536
169 157 200 200 ιο
480 153 659 201 Ἠνοιοτοτ
903 152 964 217 [vl.

170 231 306 306 διπλήσια
327 231 459 307 νέμοντας
482 233 599 310 ἐκατέρῳ
621 229 656 290 τά
676 229 769 289 πάντα
787 227 805 304 ή
823 235 900 290 τοῖσι
918 232 966 291 άλ-

167 323 247 376 λοισι
261 319 446 394 δαιτυμόνεσι·
462 320 508 377 καὶ
521 318 712 398 σπονδαρχίας
726 317 795 377 εἶναι
808 318 912 379 τούτων
923 323 967 380 καὶ

167 410 222 466 τῶν
240 408 374 467 τυθέντων
395 407 546 485 προβάτων
566 406 602 466 τά
620 406 752 482 δέρματα·
774 409 920 484 νεομηνίας
939 410 968 469 δὲ

168 493 221 554 άνά
241 495 335 558 παίσας
356 497 401 554 καὶ
424 495 546 573 ἑβδόμας
570 494 720 570 ἱσταμένου
740 498 790 554 τοῦ
812 495 906 571 μηνὸς,
929 497 967 556 δί-

169 583 269 644 δοσθαι
292 590 321 644 ἐκ
342 587 391 643 τοῦ
413 584 550 658 δημοσίου
570 581 658 658 ἱρήϊον
676 583 784 642 τέλειον
802 585 919 662 ἐκατέρῳ
940 591 968 648 ἐς

168 670 413 741 Ἀπόλλωνος,καὶ
426 672 559 748 μέδιμνον
572 669 707 745 άλφίτων,
723 672 769 729 καὶ
784 672 859 730 οἶνου
872 672 966 750 τετάρ·

167 786 218 835 την
234 759 403 834 Λακωνικήν·
426 759 471 816 καὶ
488 763 516 818 ἐν
533 762 609 818 τοῖσι
626 757 717 838 άγῶσι
733 762 806 818 πᾶσι
821 760 967 836 προεδρίας

168 848 334 922 ἐξαιρέτους·
367 848 411 904 καὶ
438 848 597 922 προξείνους
624 846 815 907 ἀποδεικνύναι
840 847 965 907 τούτοισι

168 936 355 1009 προσκεῖσθαι
373 935 437 997 τούς
456 934 490 993 ιὶν
510 937 629 995 ἐθέλωσι
649 940 703 994 τῶν
724 935 826 995 α’στῶν·
849 937 895 994 καὶ
909 943 965 995 Πυ·

168 1023 243 1084 θίους
256 1023 398 1100 αἱρέεσθαι
412 1022 460 1082 δύο
475 1024 612 1101 ἑκάτερον·
629 1025 668 1104 (οἱ
683 1024 711 1082 δὲ
720 1023 826 1084 Πύθιοί
837 1029 892 1084 εἱσι
907 1026 965 1085 θεο-

167 1110 271 1186 πρόποι
288 1117 315 1174 ἐς
330 1112 468 1186 Δελφούς,
483 1114 639 1189 σιτεόμενοι
659 1111 731 1188 μετά
748 1116 802 1171 τῶν
819 1113 966 1187 βασιλέων

168 1198 203 1258 τά
223 1199 368 1280 δημόσια.)
408 1201 448 1277 μή
464 1203 582 1261 ἐλθοῦσι
600 1202 629 1260 δέ
649 1204 725 1260 τοῖσι
742 1202 899 1275 βασιλεῦσι
921 1204 965 1261 ἐπὶ

166 1286 200 1347 τά
221 1287 338 1358 δεῖπνον,
353 1288 572 1365 ἀποπέμπεσθαί
589 1296 645 1364 σφι
659 1294 686 1351 ές
699 1288 733 1347 τά
748 1289 820 1347 οἰκία
839 1287 965 1363 οἷλφίτων

167 1401 198 1435 τε
212 1375 260 1435 δύο
274 1379 397 1455 χοίνικας
408 1379 524 1456 ἐκατέρῳ
536 1379 582 1436 καὶ
593 1378 667 1436 οίνου
679 1375 807 1450 κοτύλην·
828 1381 964 1450 παρεοῦσι

167 1463 197 1522 δέ
218 1465 353 1540 διπλήσια
374 1465 465 1524 πάντα
487 1466 623 1524 δίδοσθαι·
645 1463 733 1521 τάυτὸ
758 1463 787 1520 δὲ
810 1464 894 1520 τοῦτο
919 1463 964 1520 καὶ

167 1551 236 1630 πρδς
258 1553 381 1612 ἰδιωτέων
400 1553 552 1627 κληθέντας
566 1551 611 1608 ἐπὶ
625 1550 735 1608 δεῖπνον
748 1548 894 1623 τιμᾶσθαι·
914 1548 964 1613 τάς

167 1639 197 1699 δέ
209 1643 343 1717 μαντηίας
355 1642 404 1703 τάς
416 1640 562 1721 γινομένας
579 1636 691 1698 τούτους
708 1635 877 1710 φυλάσσειν·
898 1663 963 1698 συν-

167 1729 266 1788 ειδέναι
289 1731 317 1788 δὲ
341 1731 386 1788 καὶ
409 1728 472 1790 τούς
496 1726 627 1786 Πυθίους·
652 1723 769 1793 δικάζειν
793 1723 823 1781 δέ
846 1724 964 1798 μούνους

168 1817 232 1880 τούς
244 1818 385 1891 βασιλέας
402 1813 504 1872 τοσάδε
524 1816 622 1887 μοῦνα·
644 1810 804 1890 πατρούχου
816 1838 848 1870 τε
861 1815 962 1890 παρθέ-

166 1931 214 1964 νου
232 1906 295 1981 πέρι
318 1911 344 1966 ἐς
362 1904 411 1961 τὸν
431 1901 546 1958 ἱκνέεται
569 1900 648 1977 ἔχειν,
662 1897 697 1974 ἢν
714 1898 754 1976 μή
772 1926 824 1977 περ
841 1901 963 1980 ὄπατήρ

166 1992 252 2068 αὐτὴν
274 1993 407 2072 ἐγγυήσῃ·
430 1987 475 2044 καὶ
497 1986 567 2045 ὁδῶν
591 1986 745 2062 δημοσιέων
767 1989 839 2066 πέρι·
862 1992 908 2049 καὶ
929 1994 963 2066 ἦν

165 2107 207 2142 τις
220 2080 301 2140 θετδν
317 2077 402 2135 παῖδα
416 2074 561 2134 ποιέεσθαι
575 2075 666 2153 ἐθέλῃ,
680 2078 826 2152 βασιλέων
841 2081 963 2139 ἐναντίον

166 2168 320 2226 ποιέεσθαι·
342 2163 387 2221 καὶ
407 2164 531 2239 παρίζειν
549 2164 722 2240 βουλεύουσι
743 2169 819 2225 τοῖσι
837 2168 961 2246 γέρουσι,

166 2261 244 2314 ἐοῦσι
258 2255 327 2312 δυῶν
341 2251 434 2310 δέουσι
450 2251 607 2328 τριήκοντα·
628 2251 662 2328 ἦν
676 2253 705 2311 δὲ
718 2254 758 2330 μή
773 2254 884 2323 ἔλθωσι,
899 2254 963 2317 τούς

164 2339 291 2419 μάλιστά
313 2346 368 2414 σφι
388 2344 442 2399 τῶν
462 2339 599 2420 γερόντων
619 2341 813 2417 προσήκοντας
836 2343 908 2421 ἔχειν
928 2343 963 2400 τά

163 2435 218 2490 τῶν
231 2429 376 2509 βασιλέων
394 2429 485 2508 γέρεα,
500 2428 548 2487 δύο
563 2429 675 2506 ψήφους
688 2432 854 2506 τιθεμένους,
868 2432 963 2507 τρίτην

166 2518 202 2588 δὲ,
216 2515 267 2591 τήν
282 2520 394 2575 ἑωυτῶν.

117 2609 156 2665 58
205 2608 297 2663 Ταῦτα
317 2608 368 2681 μὲν
387 2606 456 2675 ζῶσι
473 2608 550 2665 τοῖσι
566 2609 723 2682 βασιλεῦσι
741 2606 848 2664 δέδοται
865 2608 895 2659 ἐκ
913 2607 962 2660 τοῦ

165 2697 256 2752 κοινοῦ
277 2697 331 2752 τῶν
354 2695 555 2770 Σπαρτιητέων·
581 2694 754 2753 ἀποθανοῦσι
775 2691 804 2747 δὲ
823 2687 897 2746 τάδε·
920 2691 961 2745 ἱπ-

165 2782 229 2844 πέες
249 2783 487 2862 περιαγγέλλουσι
508 2782 540 2841 τά
563 2781 677 2862 γεγονός
702 2777 771 2836 κατοὶ
794 2779 890 2834 πᾶσαν
911 2775 963 2851 τήν

165 2870 334 2945 Λακωνικήν·
357 2870 426 2928 κατά
446 2870 475 2928 δὲ
491 2869 543 2944 τήν
563 2869 647 2927 πόλιν
665 2869 789 2946 γυναῖκες
804 2868 963 2940 περιϊοῦσαι

164 2959 275 3035 λέβητα
290 2960 444 3036 κροτέουσι·
467 2957 549 3016 ἐπεάν
564 2955 600 3014 ὧν
613 2959 696 3013 τοῦτο
712 2954 824 3034 γένηται
842 2958 961 3024 τοιοῦτο,

165 3047 272 3129 ἀνάγκη
292 3049 322 3115 ἐξ
337 3048 423 3120 οἰκίης
441 3045 560 3118 ἑκάστης
578 3043 738 3118 ἐλευθέρους
752 3040 800 3101 δύο
820 3044 962 3118 καταμιαί-

165 3138 271 3205 νεσθαι,
283 3133 368 3210 άνδρα
382 3159 411 3189 τε
426 3133 470 3188 καὶ
483 3135 608 3210 γυναῖκα·
630 3130 670 3206 μή
684 3129 823 3207 ποιήσασι
837 3131 866 3190 δὲ
879 3133 962 3190 τοῦτο

166 3224 260 3299 ζημίαι
275 3221 398 3302 μεγάλαι
416 3220 565 3276 ἐπικέαται·
588 3217 671 3296 νόμος
693 3219 722 3279 δέ
740 3224 816 3280 τοῖσι
830 3219 963 3279 Λακεδαι-

166 3313 289 3387 μονίοισι
314 3308 381 3365 κατά
405 3312 458 3364 τῶν
483 3308 627 3379 βασιλέοιν
653 3308 717 3369 τούς
745 3308 878 3369 θανάτους
902 3308 963 3366 ἐστὶ
