2268 3536
154 144 279 208 99-103]
454 143 655 193 ιυυυικονα.
924 150 955 194 ιο

155 228 227 288 ε”ίστυ
240 233 307 288 πᾶν·
324 227 471 306 καιομένου
485 226 514 286 δέ
526 229 578 288 τοῦ
589 221 698 297 ἄστεος,
716 229 743 288 οἱ
759 227 849 288 Λυδοί
862 253 893 288 τε
909 229 956 288 καὶ

154 316 219 378 ὅσοι
241 316 385 396 Περσέωνγ
401 319 505 392 ἐνῆσαν
526 321 555 376 ἐν
575 321 611 394 τῇ
632 315 701 374 πόλι
721 314 955 394 ἀπολαμφθέντες

154 404 299 475 πάντοθεν,
316 404 388 465 ὥστε
400 404 437 464 τό
449 405 623 484 περιέσχατα
636 405 787 480 νεμομένου
800 409 849 464 τοῦ
859 404 954 482 πυρός,

155 493 201 552 καὶ
222 493 273 552 οὐκ
294 495 403 572 ἔχοντες
421 492 554 568 ἐξήλυσιν
570 499 600 552 ἐκ
617 495 667 552 τοῦ
683 490 791 561 ἄστεος,
808 494 955 570 συνέρρεον

155 583 181 644 ἐς
201 607 232 641 τε
246 583 298 658 τήν
318 582 425 663 οἷγορήν
443 582 488 640 καὶ
510 581 555 640 ἐπὶ
573 579 623 641 τόν
645 579 801 640 Πακτωλόν
818 581 954 657 ποταμόν·

155 667 185 732 ὅς
199 679 255 746 σφι
272 674 374 750 ψῆγμα
390 673 499 748 χρυσοῦ
515 670 696 747 καταφορέων
716 674 746 728 ἐκ
766 672 816 728 τοῦ
836 669 955 745 Τμώλου

155 757 200 816 διὰ
212 759 302 835 μέσης
314 763 364 834 τῆς
377 756 481 838 ἀγορῆς
493 759 557 834 ῥέει,
572 759 618 816 καὶ
636 759 730 818 ἔπειτα
744 761 771 821 ἐς
783 756 833 818 τόν
847 755 955 835 Ἕρμον

155 846 283 923 ποταμόν
312 846 421 915 ἐκδιδοῖ,
445 845 461 906 ὁ
486 847 516 906 δὲ
539 851 566 909 ἐς
590 846 750 906 θάλασσαν·
786 847 831 905 ἐπὶ
857 850 956 906 τοῦτον

156 932 190 1008 δή
204 934 253 994 τόν
267 933 425 994 Πακτωλδν
438 935 484 992 καὶ
497 940 525 996 ἐς
536 934 588 1010 τήν
601 934 706 1016 ἀγορήν
724 932 918 1012 α’θροιζόμενοί
929 938 956 994 οἱ

156 1047 186 1079 τε
200 1023 287 1082 Λυδοὶ
300 1024 346 1081 καὶ
364 1027 390 1082 οἱ
409 1023 529 1098 Πέρσαι,
542 1021 730 1104 ἠναγκάζοπο
744 1022 907 1099 α’μόνεσθαι·
929 1027 957 1083 οί

156 1109 185 1166 δὲ
194 1110 294 1179 Ἴωνες,
308 1110 432 1186 ὁρέοντες
450 1111 515 1172 τούς
530 1113 581 1186 μὲν
596 1110 783 1187 ἀμυνομένους
800 1115 855 1170 τῶν
872 1116 955 1171 πολε-

156 1197 227 1271 μίων
246 1197 310 1260 τοδς
331 1197 360 1256 δέ
380 1198 434 1256 σόν
453 1197 557 1272 πλήθεϊ
580 1202 680 1277 πολλῷ
701 1201 955 1275 προσφερομένους,

158 1283 370 1363 ἐξανεχώρησαν
387 1285 526 1347 δείσαντες
544 1285 615 1360 πρός
627 1285 660 1344 τό
674 1285 762 1362 οὖρος,
775 1286 825 1346 τόν
838 1291 957 1362 Τμῶλον

158 1371 337 1449 καλεόμενον·
363 1374 487 1433 ἐνθεῦτεν
507 1372 537 1431 δέ
556 1371 611 1432 ὑπό
632 1372 717 1432 νόκτα
732 1372 956 1434 ἀπαλλάσσοπο

158 1461 203 1519 ἐπὶ
216 1460 350 1525 τόςνέος.

199 1550 257 1607 Καὶ
275 1547 376 1625 Σάρδις
387 1552 439 1628 μὲν
452 1549 674 1628 ἐνεπρήσθησαν,
689 1554 718 1610 ἐν
731 1549 761 1609 δέ
774 1549 876 1630 αὐτῇσι
890 1553 935 1611 καὶ
946 1553 1003 1612 102

160 1637 219 1713 ἱρόν
239 1639 385 1716 ἐπιχωρίης
406 1639 472 1698 θεοῦ
492 1639 644 1715 Κυβήβης·
667 1638 701 1698 τό
720 1640 909 1717 σκηπτόμενοι
929 1645 955 1700 οἱ

159 1725 277 1802 Πέρσαι,
301 1725 419 1804 ὕστερον
442 1727 703 1805 ἀντενεπίμπρασαν
725 1727 760 1787 τό
784 1733 813 1788 ἐν
829 1728 956 1806 Ἕλλησι

160 1813 213 1889 ἶρό·
233 1814 298 1874 τότε
316 1815 345 1874 δέ
369 1818 396 1874 οἱ
417 1817 528 1892 Πέρσαι
553 1819 579 1874 οἱ
603 1815 679 1878 ἐντός
694 1815 800 1880 Ἀλυος
826 1822 956 1895 ποταμοῦ

158 1901 259 1977 νομοδς
269 1904 385 1981 ἔχοντες,
398 1904 655 1980 προπυνθανόμενοι
666 1909 762 1974 ταῦτα,
773 1907 956 1981 συνηλίζοντο

159 1990 204 2048 καὶ
218 1990 353 2066 ἐβοήθεον
365 1996 441 2051 τοῖσι
454 1992 582 2050 Λυδοῖσι.
613 1994 661 2050 καί
669 2017 721 2054 κως
734 1997 762 2052 ἐν
775 1997 827 2069 μὲν
838 1994 956 2070 Σάρδισι

159 2075 250 2137 οόκέτι
270 2079 363 2142 ἐόντας
382 2081 446 2142 τούς
460 2079 557 2142 Ἴωνας
579 2079 748 2156 εὑρίσκουσι,
777 2081 905 2156 ἑπόμενοι
926 2083 956 2140 δέ

159 2167 229 2226 κατοῖ
246 2169 356 2243 στίβον,
372 2169 497 2244 αἱρέουσι
515 2166 614 2229 αι’κτοῦς
633 2173 661 2226 ἐν
673 2167 797 2246 Ἐφέσῳ·
819 2169 864 2226 καὶ
881 2168 956 2228 ἅντε-

158 2245 305 2325 τόχθησαν
324 2251 381 2322 μέν·
396 2252 422 2306 οἱ
440 2247 539 2317 Ἴωνες,
564 2247 763 2323 συμβαλόντες
790 2247 819 2306 δέ
845 2250 957 2309 πολλόν

158 2335 337 2410 ἑσσώθησαν·
353 2337 398 2393 καὶ
408 2335 534 2398 πολλοὺς
547 2335 636 2394 αὐτῶν
647 2338 673 2393 οἶ
682 2336 793 2412 Πέρσαι
804 2337 956 2412 φονεύουσι

157 2421 263 2485 ἅλλους
278 2449 308 2481 τε
322 2422 495 2498 όνομαστοδς
509 2429 538 2482 ἐν
550 2423 580 2481 δὲ
594 2423 627 2498 δή
642 2423 687 2481 καὶ
700 2422 857 2484 Εόαλκιδεα
870 2451 955 2504 στρα-

157 2511 293 2591 τηγέοντα
304 2511 471 2588 Ἐρετριέων,
483 2511 715 2590 στεφανηφόρους
728 2539 759 2572 τε
771 2513 879 2595 α’γῶνας
891 2515 955 2575 οἰνα-

156 2599 307 2676 ραιρηκότα
321 2601 367 2658 καὶ
376 2599 431 2659 όπδ
446 2601 600 2676 Σιμωνίδεω
612 2605 662 2659 τοῦ
674 2602 764 2677 Κηίου
776 2603 872 2662 πολλὰ
886 2608 955 2664 αἰνε·

157 2687 250 2746 θέντα.
292 2689 318 2748 οἳ
331 2688 360 2746 δὲ
374 2688 463 2747 αὐτῶν
480 2688 627 2768 α’πέφυγον
639 2688 692 2764 τήν
704 2689 806 2768 μα’χην,
822 2691 955 2752 ἐσκεδόσ-

157 2774 249 2850 θησαν
261 2774 315 2836 όνό
326 2776 377 2838 τὰς
388 2775 500 2839 πόλιας.

188 2861 259 2922 Τότε
268 2867 320 2940 μέν
329 2864 363 2940 δή
378 2863 447 2923 οὕτω
459 2863 643 2944 ἠγωνίσαντο·
658 2865 730 2940 μετὰ
740 2865 777 2936 δέ,
790 2865 934 2944 Ἀθηναῖοι
945 2870 1001 2928 103

156 2951 208 3024 μέν
215 2950 247 3009 τό
255 2951 387 3028 παρόπαν
396 2951 652 3014 α’πολιπόντεςτοδς
659 2950 764 3022 Ἴωνας,
776 2957 954 3031 ἐπικαλεομέ-

157 3061 205 3094 νου
228 3037 320 3112 σφέας
341 3039 438 3098 πολλὰ
460 3037 493 3096 δι’
515 3037 642 3120 ἀγγέλων
662 3038 877 3119 Ἀρισταγόρεω,
904 3040 954 3099 οὐκ

157 3123 269 3198 ἔφασαν
281 3125 448 3202 τιμωρήσειν
461 3127 558 3201 σφίσι.
595 3125 687 3189 ’Ίωνες
697 3127 726 3184 δὲ
739 3129 789 3200 τῆς
801 3125 954 3200 Ἀθηναίων

157 3213 319 3290 συμμαχίης
339 3213 525 3288 στερηθέντες,
540 3213 623 3292 (οὕτω
641 3213 695 3292 γάρ
715 3218 770 3286 σφι
788 3211 895 3289 ὑπῆρχε
908 3237 954 3271 πε·

157 3300 293 3376 ποιημένα
319 3305 347 3362 ἐς
373 3301 512 3378 Δαρεῖον,)
536 3300 614 3358 οὐδὲν
635 3298 669 3372 δή
691 3296 786 3373 ἧσσον
808 3297 858 3357 τόν
884 3299 955 3375 πρός
