2268 3536
170 149 201 195 ιι
472 145 650 197 ανοιιοτοτ
923 148 965 211 [ν.

169 226 294 306 ἀμαχητὶ
316 227 375 310 εἶχε
395 228 431 289 τά
454 255 507 306 περ
534 229 622 304 ἔλαβε
648 225 725 304 παρά
748 228 967 305 Πεισιστράτου·

169 317 323 392 ἐπολέμεον
336 317 391 398 γάρ
405 319 434 376 ἐκ
448 344 479 377 τε
491 316 660 395 Ἀχιλληίου
680 313 780 378 πόλιος
800 315 968 392 ὁρμεάμενοι

170 404 216 461 καὶ
230 405 340 484 Σιγείου
361 407 406 464 ε’πὶ
423 405 526 484 χρόνον
547 403 651 483 συχνδν
665 405 854 477 Μυτιληναῖοί
871 431 901 464 τε
922 406 967 464 καὶ

169 489 321 572 Ἀθηναῖοι·
344 497 370 552 οἱ
383 497 434 570 μὲν
448 493 624 554 ἀπαιτέοντες
637 491 688 566 τὴν
701 489 803 568 χώρην·
825 489 967 568 Ἀθηναῖοι

169 579 198 637 δὲ
215 579 277 640 οὔτε
290 581 555 662 συγγινωσκόμενοι,
570 577 775 640 ἀποδεικνύντες
788 605 819 637 τε
833 579 908 660 λόγῳ
923 580 967 640 οὗ·

169 667 214 727 δὲν
234 674 347 744 μᾶλλον
361 674 496 728 Αἰολεῦσι
517 667 616 745 μετεόν
634 671 684 742 τῆς
696 665 814 730 Ἰλιάδος
835 667 967 746 χώρης,ἣ

168 755 200 814 οὗ
221 757 267 816 καὶ
288 758 344 832 σφὶ
365 759 410 815 καὶ
431 761 507 816 τοῖσι
528 755 645 814 ἄλλοισι
666 754 729 814 ὅσοι
742 753 886 830 Ἑλλήνων
902 783 966 817 συν·

122 845 158 902 95
169 844 324 920 επρήξαντο
338 847 470 923 Μενέλεῳ
483 844 532 906 τάς
545 843 660 918 Ἑλένης
674 841 808 923 άρπαγάς.
839 849 965 920 Πολεμε-

168 931 253 991 όντων
266 933 297 990 δέ
315 938 418 1007 σφεων,
433 937 553 992 παντοῖα
573 932 619 990 καὶ
638 930 714 989 ἀλλα
735 931 843 1011 ἐγένετο
858 937 886 990 ἐν
899 938 966 1008 τῇσι

167 1018 287 1098 μάχῃσι·
310 1026 338 1080 ἐν
352 1021 381 1079 δὲ
394 1021 428 1096 δὴ
443 1022 488 1078 καὶ
500 1019 632 1084 Ἀλκαῖος
646 1020 661 1080 ά
675 1019 798 1095 ποιητής,
814 1022 965 1096 συμβολῆς

167 1111 316 1188 γενομένης
337 1109 383 1167 καὶ
403 1108 537 1168 νικώντων
550 1107 710 1184 Ἀθηναίων,
731 1106 813 1170 αὗτάς
829 1111 880 1185 μὲν
900 1110 964 1185 φεύ-

166 1221 222 1275 γων
241 1198 376 1278 ἐκφεύγει,
392 1195 427 1255 τά
442 1196 473 1254 δέ
485 1200 511 1281 οί
526 1195 602 1255 ὅπλα
622 1196 738 1274 ἴσχουσι
754 1195 904 1270 Ἀθηναῖοι,
919 1199 966 1258 καί

168 1291 245 1358 σφεα
260 1284 452 1362 ἀνεκρέμασαν
466 1283 536 1361 πρδς
551 1284 584 1344 *ro*
603 1283 752 1357 Ἀθήναιον
766 1284 798 1343 τά
814 1290 841 1343 ἐν
856 1288 962 1366 Σιγείῳ.

165 1377 253 1431 ταῦτα
267 1373 296 1431 δὲ
308 1371 440 1435 Ἀλκαῖος
454 1379 482 1431 ἐν
494 1374 575 1449 μέλεϊ
588 1371 710 1445 ποιήσας
730 1373 846 1430 ἐπιτιθεῖ
864 1379 890 1434 ἐς
903 1379 962 1432 Mu·

166 1461 288 1535 τιλήνην,
304 1460 542 1540 ἐξαγγελλόμενος
555 1460 588 1519 τά
604 1464 703 1518 ἑωυτοῦ
717 1459 805 1520 πάθος
819 1463 962 1519 Μελανίπ·

166 1573 209 1624 πῳ
223 1547 301 1623 ἀνδρὶ
316 1549 420 1626 ἑταίρῳ.
462 1549 669 1624 Μυτιληναίους
688 1548 716 1604 δὲ
736 1547 780 1604 καὶ
800 1546 962 1621 Ἀθηναίους

166 1635 326 1710 κατήλλαξε
339 1637 509 1713 Περίανδρος
522 1635 538 1694 ά
553 1636 696 1712 Κυψέλου·
717 1634 804 1713 τούτῳ
820 1634 874 1715 γάρ
895 1635 961 1696 διαι-

165 1728 235 1801 τητῇ
263 1724 458 1800 ἐπετράποντο.
501 1723 660 1798 κατήλλαξε
687 1723 716 1781 δέ
741 1719 800 1781 ὦδε·
829 1723 961 1800 νέμεσθαι

166 1813 308 1887 ἑκατέρους
320 1815 371 1888 τήν
386 1815 492 1890 έχουσι.
536 1813 645 1892 Σίγειον
658 1813 710 1885 μέν
724 1837 771 1870 νυν
785 1811 855 1870 οὕτω
875 1815 961 1894 ἐγένε-

118 1900 154 1956 96
165 1924 197 1956 το
215 1898 260 1957 ἀπ’
274 1900 457 1976 Ἀθηναίοισι.
499 1900 608 1974 Ἱππίης
624 1900 651 1957 δὲ
667 1900 728 1958 ἐπεί
745 1925 776 1957 τε
797 1898 909 1960 ἀπίκετο
932 1909 961 1961 ἐκ

164 1990 213 2061 τῆς
226 1990 431 2066 Λακεδαίμονος
450 1993 477 2050 ἐς
497 1987 548 2062 την
560 1987 668 2063 Ἀσίην,
684 1992 739 2046 πᾶν
757 1993 854 2065 χρῆμα
869 1990 960 2060 ἐκίνεε,

164 2074 328 2151 διαβάλλων
347 2103 378 2136 τε
399 2077 464 2138 τούς
476 2076 638 2150 Ἀθηναίους
655 2076 724 2150 πρὸς
739 2075 787 2134 τάν
807 2075 960 2154 Ἀρταφέρ-

163 2189 218 2233 νεα,
240 2165 286 2222 καὶ
308 2166 407 2224 ποιέων
429 2163 538 2223 ἅπαντα
561 2163 629 2224 ὅκως
651 2166 679 2220 αἱ
700 2162 817 2236 Ἀθῆναι
834 2167 960 2243 γενοίατο

162 2250 208 2310 ἀπ’
230 2255 318 2331 ἑωυτῷ
344 2280 375 2312 τε
401 2253 447 2310 καὶ
472 2253 588 2329 Δαρείῳ.
630 2249 739 2325 Ἱππίης
762 2275 792 2307 τε
817 2251 850 2326 δη
874 2257 960 2311 ταῦτα

162 2340 295 2415 ἔπρησσε,
313 2341 357 2398 καὶ
380 2344 405 2398 οἱ
427 2339 569 2414 Ἀθηναῖοι
592 2338 743 2414 πυθόμενοι
768 2343 864 2408 ταῦτα,
892 2343 959 2416 πέμ-

162 2453 248 2484 πουσι
264 2433 291 2489 ἐς
310 2427 409 2503 Σάρδις
426 2427 562 2507 ἀγγέλους
580 2426 628 2485 οὐκ
649 2431 743 2489 ἐῶντες
763 2425 827 2489 τούς
846 2429 960 2504 Πέρσας

161 2515 308 2573 πείθεσθαι
321 2515 474 2588 Ἀθηναίων
492 2519 568 2573 τοῖσι
589 2513 708 2594 φυγάσι·
730 2514 789 2573 ἀδὲ
805 2513 957 2591 Ἀρταφέρ-

162 2627 209 2676 νης
223 2601 333 2659 ἐκέλευέ
346 2608 445 2677 σφεας,
462 2605 485 2659 εἰ
497 2603 652 2677 βουλοίατο
668 2600 732 2659 σάοι
753 2603 829 2671 εἶναι,
847 2604 959 2662 καταδέ-

162 2690 261 2748 κεσθαι
282 2689 373 2749 ὀπίσω
393 2689 514 2766 Ἱππίην.
557 2688 642 2748 οὔκων
664 2688 698 2763 δὴ
721 2691 875 2749 ἐνεδέκοντο
895 2691 959 2754 τοῦς

161 2775 263 2857 λόγους
277 2776 503 2855 ἀποφερομένους
516 2776 670 2853 Ἀθηναῖοι·
693 2776 742 2835 οὐκ
756 2778 958 2854 ἐνδεκομένοισι

160 2864 190 2923 δέ
204 2872 259 2940 σφι
274 2865 386 2925 δέδοκτο
407 2871 436 2924 ἐκ
454 2871 504 2926 τοῦ
526 2869 648 2942 φανεροῦ
668 2869 744 2924 τοῖσι
758 2865 891 2944 Πέρσησι
909 2893 958 2925 πο-

159 2953 272 3029 λεμίους
287 2953 364 3013 εἶναι.

113 3042 149 3100 97
200 3043 358 3118 Νομίζουσι
372 3041 405 3116 δή
419 3047 513 3109 ταῦτα,
527 3042 572 3098 καὶ
585 3040 841 3114 διαβεβλημένοισι
855 3046 881 3102 ἐς
894 3042 959 3103 τοίς

159 3130 281 3206 Πέρσας,
305 3136 333 3189 ἐν
353 3129 441 3206 τούτῳ
463 3129 496 3204 δή
518 3131 556 3205 τῷ
578 3130 661 3204 καιρῷ
682 3125 696 3184 ὁ
720 3127 864 3201 Μιλήσιος
884 3127 958 3203 Ἀρι·-

160 3217 309 3295 σταγόρης,
331 3216 386 3274 ὑπὸ
409 3217 584 3290 Κλεομένεος
604 3219 653 3271 τοῦ
673 3213 892 3288 Λακεδαιμονίου
917 3215 958 3281 ἐξ·

159 3305 288 3365 ελασθεὶς
309 3309 339 3361 ἐκ
359 3308 410 3377 τῆς
425 3302 563 3379 Στάρτης,
583 3299 698 3358 ἀπίκετο
720 3304 746 3360 ἐς
761 3299 810 3360 τάς
827 3297 955 3373 Ἀθήνας’
