2278 3538
194 145 238 196 ιιι
492 140 674 192 Ἧυοιουοτ
912 140 988 204 [ιιι.

187 221 292 302 Ἀργος
310 247 341 282 τε
359 220 496 302 ἀγγέλους
513 218 668 298 ὁμαιχμίην
684 219 910 295 συνθησομένους
923 222 991 296 πριῗς

192 309 241 370 τδν
258 311 383 386 Πέρσην·
406 310 451 366 καὶ
469 313 495 371 ές
513 309 641 382 Σικελίην
661 305 765 368 ἄλλους
781 309 899 383 πέμπειν
916 308 990 384 παρὰ

192 400 305 458 Γέλωνα
313 397 362 458 τόν
374 397 560 473 Δεινομένεος,
570 398 596 458 ἔς
605 423 635 454 τε
647 398 798 472 Κέρκυραν,
811 396 991 460 κελεύσοντας

191 487 322 563 βοηθέειν
335 492 370 564 τῇ
383 485 511 554 Ἑλλάδι,
526 486 571 543 καὶ
585 489 611 547 ές
626 483 740 560 Κρήτην
754 483 867 547 ἅλλους·
890 486 992 562 φρονή-

193 601 292 637 σαντες
314 575 339 633 εἵ
359 601 410 636 κως
431 575 460 632 έν
479 599 510 632 τε
530 574 638 653 γένοιτο
659 571 693 634 vd
715 571 882 648 Ἑλληνικόν
904 574 949 631 καὶ
970 577 991 632 εἰ

195 663 386 744 συγκύψαντες
407 661 495 721 τώυτό
519 662 676 738 πρήσσοιεν
703 659 811 730 πάντες,
837 658 991 723 ὦς’δεινῶν

195 752 325 810 ἐπιόντων
349 751 449 825 ὁμοίως
475 753 548 808 πᾶσι
569 749 707 824 Ἕλλησι.
748 747 783 808 τό
812 749 841 808 δὲ
869 749 991 813 Γέλωνος

163 891 166 897 ⁴
193 839 343 918 vryq'yfaeara
353 837 464 918 μεγάλα
476 838 588 917 ἐλέγετο
598 838 674 907 εἶναι,
686 837 812 914 οὐδαμῶν
821 836 989 911 Ἑλληνικῶν

193 932 246 985 τών
261 925 292 985 οὐ
306 925 417 985 πολλόν
429 926 512 1002 μέζω.

148 1017 203 1072 146
253 1013 301 1077 Ὡς
328 1015 357 1072 δὲ
383 1013 470 1074 ταΰτοί
498 1019 554 1088 σφι
581 1013 665 1083 ἔδοξε,
693 1011 917 1088 καταλυσάμενοι
943 1013 992 1076 ταῖς

194 1103 301 1180 ἔχθρας,
322 1104 419 1178 πρώτα
439 1104 490 1178 μὲν
511 1101 705 1163 κατασκόπους
731 1101 874 1176 πέμπουσι
895 1105 922 1163 ές
942 1100 991 1176 τήν

193 1189 293 1266 Ἀσίην
311 1188 410 1266 ἄνδρας
426 1193 508 1265 τρεῖς·
534 1193 560 1247 οἱ
576 1189 605 1248 δὲ
621 1187 785 1265 ἀπικόμενοί
798 1213 829 1246 τε
847 1193 874 1250 ές
893 1188 991 1266 Σάρδις

193 1281 239 1338 καὶ
253 1276 459 1354 καταμαθόντες
472 1277 523 1352 τήν
536 1277 674 1353 βασιλέος
691 1275 833 1352 στρατιήν,
848 1275 883 1338 ὦς
897 1275 992 1334 έπόῐσ·

192 1395 237 1428 τοι
263 1368 397 1448 ε’γένοντσ,
422 1366 644 1442 βασανισθέντες
668 1363 721 1424 ὗπδ
748 1369 802 1424 τῶν
828 1370 992 1446 στρατηγῶν

192 1461 242 1516 τοῦ
262 1457 347 1525 πεζοῦ
367 1457 489 1530 στρατοῦ
510 1452 652 1532 ἀπήγοντο
673 1452 708 1514 ώς
726 1451 919 1528 ἀπολεόμενοι·
947 1455 992 1514 καὶ

192 1548 268 1603 τοῖσι
288 1545 340 1619 μὲν
356 1541 535 1616 κατακέκριτο
554 1540 680 1603 θάνατος·
708 1541 813 1616 Ξέρξης
831 1541 860 1599 δὲ
878 1540 912 1604 ώς
929 1540 991 1600 ε’πό-

194 1632 258 1692 θετο
273 1633 367 1701 ταῦτα,
387 1627 526 1704 μεμφθεὶς
543 1631 598 1686 τῶν
621 1631 786 1708 στρατηγῶν
801 1627 852 1704 τήν
872 1629 990 1708 γνώμην,

193 1719 296 1794 πέμπει
309 1720 364 1776 τῶν
377 1741 452 1778 τινας
468 1715 637 1792 δορυφόρων,
653 1715 850 1792 ἐντειλάμενος,
864 1715 898 1791 ἢν
912 1742 992 1776 κατα·

193 1805 308 1882 λάβωσι
321 1803 386 1868 τούς
397 1803 590 1866 κατασκόπους
601 1805 710 1874 ζῶντας,
721 1803 798 1884 ἄγειν
808 1803 873 1880 παρ’
884 1803 991 1864 ἑωυτόν·

195 1894 230 1956 ώς
246 1895 275 1952 δὲ
295 1895 333 1952 ἔτι
351 1891 509 1971 περιεόντας
526 1891 625 1955 αὐτους
644 1894 803 1968 κατέλαβον
820 1893 865 1951 καὶ
882 1891 952 1974 ἦγον
966 1897 992 1956 ἐς

194 1981 259 2060 ὄψιν
274 1981 325 2057 τήν
341 1982 487 2058 βασιλέος,
510 1981 542 2042 ro*
564 1983 695 2050 ἐνθεῦτεν,
712 1981 866 2058 πυθόμενος
879 1980 920 2039 ἐπ’
934 1981 993 2042 οἶσι

193 2070 290 2146 ἦλθον,
308 2071 417 2129 ἐκέλευέ
430 2077 521 2146 σφεας
539 2069 604 2132 τους
622 2069 793 2145 δορυφόρους
812 2069 993 2149 περιάγοντας

125 2207 128 2215 .
194 2159 397 2218 ἐπιδείκνυσθαι
410 2157 501 2218 πάντα
521 2149 551 2216 τε
572 2155 621 2218 τᾶν
641 2156 724 2226 πεζόν
743 2156 865 2232 στρατόν
882 2158 927 2214 καὶ
943 2157 994 2231 τήν

196 2249 288 2307 ἵππον·
322 2246 405 2306 ε’πεσὶν
432 2247 462 2306 δὲ
487 2251 575 2305 ταῦτα
603 2244 748 2320 θηεύμενοι
775 2245 840 2302 ἔωσι
866 2243 993 2320 πλήρεες,

194 2334 369 2411 οἷποπέμπειν
384 2339 411 2397 ές
422 2333 475 2408 ,τήν
488 2330 522 2394 ἂν
536 2332 615 2392 αὐτοὶ
629 2333 748 2392 ἐθέλωσι
766 2332 859 2411 χώρην
873 2331 993 2393 ἀσινέας.

149 2425 204 2483 147
214 2422 369 2502 Ἐπιλέγων
382 2422 412 2480 δὲ
425 2421 475 2480 τόν
488 2421 576 2502 λόγον
589 2419 668 2481 τόνδε
680 2425 768 2480 ταῦτα
779 2421 947 2496 ἐνετέλλετο,
961 2419 996 2483 ὥς

196 2515 219 2569 εἰ
238 2513 289 2586 μὲν
310 2509 456 2570 ἀπώλοντο
473 2513 499 2568 οἱ
517 2509 700 2579 κατάσκοποι,
716 2507 777 2568 οὔτε
794 2508 828 2570 ἂν
844 2509 880 2570 τὰ
897 2509 995 2567 ἑωυτοῦ

195 2597 346 2678 πρήγματα
370 2597 562 2674 προεπύθοντο
590 2601 617 2658 οἱ
639 2597 778 2674 Ἕλληνες
805 2598 885 2658 ε’όντα
908 2595 997 2676 λόγου

195 2686 276 2762 μέζω,
303 2683 357 2743 οὔτ’
386 2684 419 2745 ἄν
445 2713 473 2746 τι
499 2685 564 2750 τούς
591 2686 744 2764 πολεμίους
770 2687 855 2766 μέγα
871 2684 997 2743 ε’σινέατο

195 2771 294 2849 ἄνδρας
309 2778 382 2850 τρεῖς
400 2773 600 2836 ἀπολέσαντες·
629 2772 825 2848 νοστησάντων
846 2772 875 2831 δὲ
895 2770 997 2831 τούτων

197 2867 224 2923 ές
249 2860 300 2936 τήν
327 2861 462 2931 Ἑλλάδα,
491 2863 593 2922 δοκέειν
622 2863 700 2942 (ἔφη)
728 2861 902 2923 ἀκούσαντας
934 2857 998 2920 τούς

193 2949 338 3026 Ἕλληνας
352 2951 388 3010 τοὶ
403 2953 503 3008 ἑωυτοῦ
517 2949 678 3029 πρήγματα,
690 2950 746 3026 πρὸ
764 2954 814 3008 τοῦ
829 2948 936 3009 στόλου
949 2949 999 3004 τοῦ

197 3038 342 3118 γινομένου
362 3035 538 3114 παραδώσειν
559 3037 650 3111 σφέας
670 3036 722 3112 τήν
743 3037 812 3113 ἰδίην
833 3035 999 3112 ἐλευθερίην,

198 3126 244 3184 καὶ
265 3125 334 3185 οὕτω
355 3125 417 3184 οὐδὲ
436 3123 545 3198 δεήσειν
563 3123 604 3180 ἐπ’
627 3124 726 3188 αὐτους
743 3127 1000 3204 στρατηλατέοντας

198 3213 350 3292 πρήγματα
371 3217 452 3290 ἔχειν.
495 3211 552 3270 οἶκε
573 3211 602 3268 δὲ
623 3211 710 3270 ου’τοῦ
730 3212 801 3290 αὕτη
819 3215 837 3290 ή
856 3214 952 3294 γνώμη
965 3214 1001 3286 τῇ

198 3324 232 3380 γε
249 3299 335 3377 ἄλλη·
360 3298 411 3358 ε’ών
429 3296 485 3378 γὰρ
504 3302 533 3356 ἐν
549 3297 662 3376 Ἀβύδῳ
681 3298 697 3358 ὁ
716 3302 831 3376 Ξέρξης,
845 3302 899 3360 εἶδε
910 3301 1000 3361 πλοῖα
