2262 3534
146 151 254 216 88-91]
457 143 645 196 ςΔΛΛῙοΠΗ.
897 145 945 194 323

146 230 272 306 ἀληθέως
286 225 471 307 ἐπειγόμενος,
486 226 532 284 καὶ
544 224 596 301 τήν
605 219 761 305 μεσόγαιαν
773 223 884 301 τάμνων
896 228 946 300 τῆς

146 315 221 376 όδοῧ·
243 316 289 374 καὶ
307 311 464 374 άπικνέεται
486 318 513 376 ἒς
533 312 692 385 Βυζάντιον,
715 312 875 372 καταλιπων
896 316 946 372 τοῦ

146 409 268 482 στρατοΐ
281 407 331 464 τοῦ
345 407 442 462 ἑαυτοῦ
456 401 577 480 συχνούς
587 399 643 459 ύπό
652 401 777 476 Θρηίκων
787 425 817 459 τε
831 425 941 460 κατακο-

145 494 246 556 πέντας
265 491 322 552 κατ’
336 491 408 564 ὁδόν,
425 491 471 548 καὶ
488 494 562 568 λιμῷ
580 486 739 550 συστάντας
757 487 804 546 καὶ
822 488 941 568 καμάτῳ·

146 587 176 640 ἐκ
197 577 350 653 Βυζαντίου
368 578 398 638 δὲ
418 579 500 654 διέβη
521 578 657 636 πλοίοισι.
699 573 781 639 οὗτος
803 577 855 652 μὲν
875 577 945 637 οὕτω

144 668 321 745 ἀπενόστησε
335 673 363 731 ἐς
375 665 428 743 τῆν
440 666 549 742 Ἀσίην.

185 761 242 834 Τῆς
261 758 291 817 δὲ
311 754 396 832 αύτῆς
416 754 520 831 ἡμέρης
539 757 650 830 τῆσπερ
674 757 703 812 ἐν
724 755 888 830 Πλαταιῇσι
911 752 944 813 τό
954 756 991 814 90

144 850 240 922 τρῶμα
254 844 370 926 ἐγένετο,
385 841 558 919 συνεκύρησε
574 841 707 922 γενέσθαι
720 841 766 900 καὶ
780 845 809 899 έν
822 841 945 920 Μυκάλῃ

143 937 193 1008 τῆς
213 933 326 1009 Ἰωνίης.
368 932 427 991 ἐπεὶ
448 931 503 1011 γοὶρ
524 928 558 1006 δὴ
580 935 609 990 ἐν
624 933 660 1007 τῇ
678 927 764 1007 Δήλῳ
783 929 900 988 κατέατο
918 932 946 989 οἱ

140 1019 277 1096 ’Έλληνες
291 1024 317 1079 οἶ
332 1025 361 1080 ἕν
373 1025 442 1098 τῇσι
458 1019 541 1094 νηυσὶ
560 1017 619 1094 ἅμα
632 1017 787 1095 Λευτυχιδη
806 1020 845 1094 τῷ
857 1023 945 1076 Λακε-

144 1108 274 1188 δαιμονίῳ
288 1108 459 1185 άπικόμενοι,
472 1106 563 1183 ἦλθόν
576 1113 632 1182 σφι
646 1103 763 1190 ἄγγελοι
776 1103 833 1164 α’πό
848 1103 945 1182 Σάμου

143 1195 269 1272 Λάμπων
281 1221 312 1255 τε
324 1197 505 1274 Θρασυκλέος
519 1196 565 1254 καὶ
573 1193 765 1273 Ἀθηναγόρης
773 1192 945 1270 Ἀρχεστρα-

142 1283 222 1342 τιδεω
238 1285 283 1342 καὶ
300 1283 530 1364 Ἡγησίστρατος
541 1281 756 1362 Ἀρισταγόρεω,
770 1281 945 1356 πεμφθέντες

142 1370 197 1431 ύπδ
213 1373 324 1448 Σαμίων
342 1371 435 1448 λάθρη
453 1375 508 1429 τῶν
524 1397 554 1428 τε
574 1371 707 1446 Περσέων
724 1369 770 1426 καὶ
786 1373 836 1427 τοῦ
848 1368 945 1445 τυράν-

143 1485 192 1519 νου
204 1459 402 1536 Θεομήστορος
419 1463 470 1518 τοῦ
489 1457 735 1534 Ἀνδροδάμαντος,
748 1457 797 1516 τόν
811 1457 943 1533 κατέστη-

143 1573 199 1608 σαν
223 1547 320 1625 Σιίμου
346 1547 480 1624 τύραννον
508 1549 535 1605 οἱ
562 1546 683 1622 Πέρσαι·
718 1544 891 1605 ἐπελθόντων
914 1545 946 1605 δέ

143 1643 239 1712 σφεων
260 1637 306 1696 ἐπὶ
325 1636 390 1700 τούς
410 1633 593 1716 στρατηγούς,
615 1635 694 1715 ἔλεγε
717 1633 945 1716 Ἡγησίστρατος

142 1724 239 1784 πολλοὶ
252 1725 298 1783 καὶ
311 1728 440 1786 παντοῖα·
463 1723 498 1787 ok
510 1722 545 1800 ἦν
562 1727 667 1801 μοῦνον
680 1723 788 1783 ἴδωνται
801 1721 903 1786 αύτούς
916 1725 943 1783 οἱ

139 1803 229 1876 Ἴωνες
249 1812 463 1890 α’ποστήσονται
483 1812 539 1872 άπὸ
560 1813 702 1888 Περσέων,
717 1812 762 1870 καὶ
781 1810 816 1874 ιύς
832 1811 859 1870 οἱ
871 1810 943 1889 βάρ-

141 1901 228 1976 βαροι
245 1900 295 1960 ούκ
311 1900 508 1978 ύποριενέουσι·
528 1898 562 1974 ἢν
581 1899 611 1958 δὲ
631 1900 677 1958 καὶ
695 1898 749 1975 ἅρα
764 1898 942 1974 ὑπομείνωσι,

142 1987 193 2046 ούκ
209 1989 304 2066 ἑτέρην
322 1988 411 2069 ἄγρην
431 1986 561 2062 τοιαύτην
578 1987 666 2062 εύρεῖν
684 1984 718 2044 ἂν
736 1985 844 2048 αύτούς·
866 1986 944 2050 θεούς

141 2101 172 2135 τε
193 2075 300 2139 κοινούς
320 2075 487 2143 α’νακαλέων,
509 2074 662 2150 προέτρεπε
682 2072 781 2134 αύτούς
800 2071 943 2148 ῥύσασθαι

142 2162 242 2240 ἄνδρας
263 2163 408 2238 Ἓλληνας
429 2168 459 2220 ἐκ
480 2160 653 2237 δουλοσύνης
672 2161 718 2220 καὶ
735 2161 878 2236 ἀπαμῦναι
894 2161 944 2220 τόν

140 2251 302 2328 βάρβαρον·
324 2250 435 2313 εύπετές
448 2277 479 2309 τε
493 2249 612 2318 αύτοῖσι,
627 2251 689 2325 ἔφη,
703 2252 791 2307 ταῦτα
804 2248 942 2328 γίνεσθαι·

140 2338 191 2402 τάς
203 2365 235 2398 τε
247 2339 302 2420 γάρ
316 2338 379 2402 νέας
392 2337 482 2398 αύτῶν
496 2341 585 2400 κακῶς
597 2338 692 2396 πλέειν
706 2337 751 2394 καὶ
765 2334 814 2394 ούκ
828 2334 942 2412 ἀξιομά-

141 2452 209 2505 χους
229 2427 345 2486 κείνοισι
361 2426 439 2486 εἶναι·
460 2424 541 2486 αύτοί
556 2450 596 2494 τε,
615 2425 640 2484 εἶ
656 2449 684 2484 τι
698 2421 942 2501 ύποπτεύουσιμή

142 2515 215 2595 δόλῳ
229 2514 328 2578 αύτούς
345 2514 504 2596 προάγοιεν,
519 2517 625 2591 έτοῖμοι
641 2505 710 2573 εἶναι
727 2518 757 2572 έν
774 2517 842 2592 τῇσι
860 2513 942 2590 νηυσὶ

141 2607 209 2681 τῇσι
223 2604 330 2664 ε’κείνων
343 2601 475 2684 ἀγόμενοι
488 2601 588 2679 ὅμηροι
605 2602 682 2662 εἶναι.
723 2601 771 2665 Ὡς
787 2601 816 2660 δὲ
833 2602 986 2666 πολλός91

141 2689 176 2766 ἦν
189 2692 361 2768 λισσόμενος
374 2690 389 2752 ό
404 2691 490 2761 ξεῖνος
503 2690 519 2750 ό
534 2689 647 2766 Σάμιος,
663 2691 750 2768 εἴρετο
764 2691 940 2769 Λευτυχίδης,

142 2779 196 2839 εἴτε
210 2779 342 2859 κλῃδόνος
357 2780 457 2839 εἵνεκεν
471 2780 560 2839 θέλων
575 2779 724 2849 πυθέσθαι,
738 2779 792 2838 εἴτε
810 2780 855 2837 καὶ
871 2779 943 2839 κατὰ

142 2871 292 2948 συντυχίην
306 2869 370 2929 θεοῦ
383 2872 534 2930 ποιεῦντος·
556 2867 604 2926 “ὦ
618 2867 688 2937 ξεῖνε
700 2865 796 2943 Σάμιε,
809 2869 840 2927 τί
850 2892 893 2926 τοι
906 2865 944 2926 τό

142 2954 280 3034 ούνομα;”
300 2955 316 3016 ό
334 2957 364 3016 δὲ
382 2956 451 3015 εἶπε·
474 2955 752 3037 “Ἡγησίστρατος·”
772 2955 788 3015 ό
805 2955 834 3014 δὲ
854 2953 939 3031 ύπαρ-

141 3043 235 3108 πόσας
247 3043 297 3104 τόν
310 3046 456 3104 ε’πίλοιπον
470 3045 565 3126 λόγον,
581 3047 606 3104 εἴ
619 3071 682 3105 τινα
697 3044 803 3122 ὅρμητο
819 3043 911 3123 λέγειν
924 3042 941 3102 ό

140 3129 375 3212 Ἡγησίστρατος,
407 3133 476 3192 εἶπε·
512 3144 529 3169 “
538 3133 653 3210 δέκομαι
681 3132 732 3192 τόν
759 3132 862 3202 οἰωνόν,
891 3129 941 3192 τόν

140 3217 377 3302 Ἡγησίστρατον,
398 3220 420 3279 ὦ
440 3222 510 3291 ξεῖνε
532 3221 629 3298 Σάμιε·
664 3220 702 3280 σύ
722 3221 752 3280 δὲ
774 3219 842 3296 ἡμῖν
864 3219 941 3277 ποίεε

139 3307 209 3372 ὅκως
221 3307 304 3372 αύτός
322 3333 353 3369 τε
370 3309 434 3374 δούς
451 3310 548 3370 πίστιν
565 3307 767 3377 ἀποπλεύσεαι,
782 3308 827 3366 καὶ
847 3309 875 3365 οί
887 3305 941 3365 σύν
