2278 3538
177 161 225 211 222
487 161 670 210 'HPOAOTOT
887 159 979 226 [VIII.

175 267 226 300 του
239 240 365 301 τάλαντα
377 238 509 322 ἀργυρίου
525 242 599 317 τρία.
641 237 721 299 οὗτοί
731 264 763 300 τε
776 239 810 316 δὴ
826 241 981 320 πληγέντες

176 328 290 405 δάροισι
310 328 543 405 ἀναπεπεισμένοι
571 327 652 403 ἦσαν,
674 329 720 386 καὶ
739 331 816 387 τοῖσι
835 326 977 404 Εὖβοέεσι

177 417 350 496 ἐκεχάριστο·
393 415 475 480 οὗτός
504 442 534 475 τε
561 415 577 476 ό
604 417 813 494 Θεμιστοκλέης
845 415 979 495 ἐκέρδηνε,

177 503 312 565 ἐλάνθανε
338 505 368 564 δέ
390 504 426 564 τά
452 503 540 564 λοιπά
563 505 643 583 ἔχων·
677 503 743 562 ἀλλ’
770 502 926 578 ἠπιστέατο
953 509 981 564 οἶ

177 592 386 670 μεταλαβόντες
406 591 509 652 τούτων
529 595 584 652 τῶν
602 591 752 670 χρημάτων
772 596 802 649 ἐκ
822 595 878 652 τῶν
896 590 980 669 Ἀθη-

177 683 259 740 ναίων
274 682 366 742 ἐλθεῖν
379 680 425 739 ἐπὶ
436 685 475 759 τῷ
488 679 564 760 λόγῳ
577 679 666 758 τούτῳ
678 679 714 738 τὰ
726 678 867 757 χρήματα.

151 771 168 828 6
219 767 299 827 Οὕτω
313 768 347 844 δὴ
361 767 523 845 κατέμεινάν
536 793 567 826 τε
580 772 657 847 ἐντῇ
671 766 789 845 Εὐβοίῃ,
804 767 850 825 καὶ
863 767 980 845 ἐναυμά·

176 881 278 933 χησαν.
323 856 430 936 ἐγένετο
444 856 474 914 δὲ
493 852 553 913 ὧδε·
575 855 637 914 ἐπεί
652 880 683 914 τε
699 853 732 930 δὴ
747 859 775 917 ἐς
789 854 840 918 τάς
857 854 980 931 Ἀφέτας

176 943 240 1018 περὶ
253 943 350 1019 δείλην
362 943 468 1020 πρωΐην
484 943 633 1024 γινομένην
651 942 770 1001 ἀπίκατο
784 947 811 1002 οἱ
822 943 977 1022 βάρβαροι,

177 1031 329 1108 πυθόμενοι
343 1034 395 1109 μὲν
409 1033 448 1091 ἔτι
462 1033 507 1090 καὶ
525 1030 661 1108 πρότερον
673 1031 737 1108 περὶ
754 1029 787 1090 τό
800 1029 979 1108 Ἀρτεμίσιον

177 1120 339 1198 ναυλοχέειν
359 1121 421 1183 νέας
440 1107 607 1194 Ἑλληνίδιίς
634 1118 740 1199 ὀλίγας,
760 1118 824 1178 τότε
850 1119 880 1178 δὲ
899 1118 979 1179 αὐτοὶ

179 1206 287 1281 ἰδόντες,
317 1207 457 1285 πρόθυμοι
476 1206 551 1282 ἦσαν
575 1207 743 1286 ἐπιχειρέειν,
772 1207 798 1264 εί
816 1232 868 1269 κως
888 1207 979 1268 ἕλοιεν

152 1323 155 1329 “
177 1294 270 1359 αὐτάς.
313 1301 343 1355 ἐκ
355 1299 406 1373 μὲν
420 1295 454 1371 δὴ
467 1299 518 1369 τῆς
532 1293 625 1370 α’ντίης
641 1293 821 1371 προσπλάειν
835 1292 907 1353 οὔκω
921 1300 977 1370 σφι

180 1383 270 1444 ἐδόκεε
295 1384 380 1444 τῶνδε
407 1384 505 1452 εἵνεκα,
532 1382 573 1460 μή
594 1379 646 1446 κέυς
667 1381 768 1444 ἰδόντες
791 1385 818 1440 οἱ
839 1380 978 1458 Ἕλληνες

177 1471 400 1548 προσπλώοντας
421 1476 448 1534 ἐς
475 1471 568 1551 φυγὴν
589 1469 749 1547 ὁρμήσειαν,
774 1468 927 1548 φεύγοντάς
946 1496 977 1530 τε

178 1558 300 1636 εὐφρόνη
314 1558 483 1634 καταλάβοι·
505 1560 551 1616 καὶ
561 1559 681 1634 ἔμελλον
691 1557 773 1632 δῆθεν
784 1556 976 1632 ἐκφεύξεσθαι,

177 1646 230 1704 ἔδει
244 1646 273 1704 δὲ
285 1646 356 1721 μηδὲ
373 1645 527 1722 πυρφόρον,
542 1649 580 1724 τῷ
597 1645 704 1705 ἐκείνων
720 1645 805 1726 λόγῳ,
820 1645 977 1726 ἐκφυγόντα

150 1733 382 1814 7περιγενέσθαι.
423 1732 493 1810 πρός
519 1737 606 1792 ταῦτα
633 1731 670 1792 ὧν
689 1732 754 1792 τάδε
781 1733 976 1813 ἐμηχανέοντο·

176 1826 232 1882 τῶν
257 1825 325 1880 νεῶν
352 1819 483 1880 άπασέων
503 1820 699 1899 α’τοκρίναντες
719 1821 862 1896 διηκοσίας
887 1823 975 1898 περιέ-

177 1935 289 1986 πεμπον
303 1909 400 1979 ἔξωθεν
414 1909 543 1979 Σκιάθου,
558 1909 593 1973 ὦς
609 1907 643 1969 ἂν
658 1909 699 1986 μή
716 1908 843 1985 όφθέωσι
855 1909 909 1969 find
921 1915 977 1972 τῶν

176 1998 319 2076 πολεμίων
335 1998 547 2076 περιπλώουσαι
559 1996 687 2075 Εὔβοιαν
706 1996 775 2056 κατά
790 2023 821 2057 τε
837 1999 977 2075 Καφηρέα

177 2088 223 2146 καὶ
240 2088 304 2166 περὶ
324 2087 487 2165 Γεραιστόν,
511 2092 538 2150 ἐς
556 2087 606 2146 τόν
625 2085 757 2163 Εὔριπον·
781 2086 824 2145 ἵνα
846 2085 880 2162 δὴ
900 2113 976 2164 περι-

177 2176 305 2253 λάβοιεν,
332 2179 359 2236 οἶ
385 2179 437 2253 μὲν
457 2175 543 2252 ταύτῃ
564 2173 727 2251 ἀπικόμενοι
754 2174 800 2232 καὶ
822 2174 977 2252 φράξαντες

177 2264 267 2325 αὐτῶν
279 2264 331 2339 τὴν
347 2263 438 2324 ὀπίσω
455 2264 599 2340 φέρουσαν
617 2261 689 2332 ὁδόν,
704 2266 788 2338 σφεῖς
809 2262 838 2322 δὲ
859 2263 976 2323 ἐπισπό-

176 2379 255 2430 μενοι
269 2352 300 2422 ἐξ
317 2352 449 2427 ἐναντίης·
470 2355 559 2410 ταῦτα
572 2350 798 2427 βουλευσάμενοι
811 2351 977 2429 ἀπέπεμπον

175 2444 231 2500 τῶν
252 2443 320 2500 νεῶν
340 2438 390 2502 τάς
407 2439 567 2517 ταχθείσας,
584 2437 663 2498 αὐτοὶ
680 2438 731 2498 οὐκ
750 2443 779 2498 ἐν
797 2439 851 2519 νόῳ
868 2441 978 2519 ἔχοντες

175 2526 278 2603 ταύτης
290 2530 341 2603 τῆς
353 2525 458 2603 ἡμέρης
473 2530 549 2586 τοῖσι
557 2526 685 2604 Ἕλλησι
705 2527 899 2604 ἐπιθόσεσθαι,
914 2529 977 2588 οὐδὲ

175 2615 311 2692 πρότερον
332 2612 351 2690 ἢ
374 2613 408 2674 τό
435 2613 564 2691 σύνθημά
592 2622 648 2692 σφι
671 2617 772 2692 ἔμελλε
796 2611 978 2692 φανήσεσθαι

175 2703 252 2780 παρὰ
272 2706 328 2763 τῶν
348 2702 560 2780 περιπλωόντων
581 2703 617 2768 ὥς
637 2703 769 2780 η’κόντων.
810 2703 910 2767 ταύτας
924 2706 978 2781 μέν

177 2791 211 2868 δή
237 2791 433 2870 περιέπεμπον·
474 2795 529 2851 τῶν
555 2792 585 2851 δὲ
611 2792 731 2852 λοιπέων
757 2795 825 2852 νεῶν
852 2796 881 2851 ἐν
906 2795 977 2870 τῇσι

176 2879 316 2960 Ἀφέτῃσι
330 2883 472 2940 ἐποιεῦντο
486 2878 614 2957 ἀριθμόν.

149 2972 168 3029 8
216 2968 265 3028 Ἐν
291 2968 321 3028 δὲ
347 2966 434 3045 τούτῳ
460 2969 499 3044 τῷ
525 2967 624 3046 χρόνῳ,
652 2971 681 3027 ἐν
704 2965 726 3046 ᾧ
753 2965 830 3027 οὗτοι
856 2965 976 3044 ἀριθμόν

179 3059 320 3116 ἐποιεῦντο
330 3058 385 3114 τῶν
398 3057 474 3123 νεῶν,
485 3051 520 3128 ἦν
532 3053 587 3134 γάρ
602 3059 631 3114 ἐν
643 3059 682 3134 τῷ
695 3055 875 3135 στρατοπέδῳ
887 3054 977 3136 τούτῳ

178 3145 318 3219 Σκυλλίης
346 3144 501 3209 Σκιωναῖος,
534 3139 615 3216 δίκης
645 3147 701 3202 τῶν
730 3143 794 3203 τότε
826 3143 978 3221 ἀνθρώπων

177 3230 300 3307 ἄριστος·
322 3229 353 3292 ὃς
369 3228 414 3287 καὶ
435 3233 465 3287 ἐν
481 3231 517 3306 τῇ
535 3230 652 3310 ναυηγίη
670 3234 705 3309 τῇ
726 3231 795 3290 κατὰ
814 3231 847 3291 τό
864 3230 978 3307 Πήλιον

175 3318 310 3396 γενομένη
336 3315 433 3374 πολλοὶ
458 3318 511 3391 μὲν
531 3316 621 3375 ἔσωσε
644 3322 699 3377 τῶν
725 3318 873 3399 χρημάτων
899 3323 976 3382 τοῖσι
