2262 3534
167 139 214 192 ττι
479 135 663 186 mmor
874 137 962 203 [vm

121 221 179 278 134
187 219 305 296 πέμψαι.
349 216 440 281 Οὗτος
457 215 473 277 ὁ
490 216 554 276 Μῦς
570 214 597 276 ἐς
613 239 645 274 τε
662 211 819 292 Λεβάδειαν
840 218 967 293 φαίνεται

168 305 341 383 ἀπικόμενος,
357 306 402 363 καὶ
415 305 508 383 μισθῷ
523 315 623 368 πείσας
639 308 694 364 τῶν
713 305 864 382 ἐπιχωρίων
882 303 968 382 άνδρα

169 396 326 470 καταβῆναι
356 393 432 470 παρὰ
467 391 637 470 Τροφώνιον,
665 393 711 450 καὶ
745 397 772 455 ἐς
800 391 895 469 Ἀβας
921 394 970 456 τάς

169 484 284 542 Φωκέων
304 481 469 559 ἀπικόμενος
491 482 536 539 ἐπὶ
556 481 589 540 τό
610 480 791 560 χρηστήριον·
804 482 858 540 καὶ
877 481 969 557 δήκαὶ

170 576 198 634 ἐς
210 571 309 646 Θήβας
323 575 419 647 πρώτα
433 568 468 632 ώς
487 568 610 637 ἀπίκετο,
624 573 708 628 τοῦτο
724 571 776 645 μὲν
788 573 827 647 τῷ
839 567 970 648 Ἰσμηνίῳ

169 658 329 718 Ἀπόλλωνι
339 657 490 736 ἐχρήσατο·
506 653 579 737 (ἐστι
592 657 630 726 δέ,
642 655 764 733 κατάπερ
779 662 808 716 ἐν
818 655 969 735 Ὀλυμπίῃ,

171 751 257 824 ἱροῖσι
283 745 381 806 αὐτόθι
407 744 685 825 χρηστηριάζεσθαι)
719 747 803 804 τοῦτο
830 744 859 803 δὲ
882 745 969 814 ξεῖνόν

169 834 290 896 τινακαὶ
304 831 336 892 οὐ
350 833 479 908 Θηβαῖον
493 833 621 911 χρήμασι
637 833 738 895 πείσας
754 833 929 908 κατεκοίμισε
944 838 971 895 ἐς

169 920 337 998 Ἀμφιάρεω
382 921 515 996 Θηβαίων
529 921 558 979 δὲ
577 919 666 979 οὐδενὶ
683 921 774 989 ἔξεστι
786 919 972 996 μαντεύεσθαι

171 1008 276 1080 αὐτόθι,
291 1009 336 1068 διὰ
353 1007 426 1068 τόδε·
449 1009 581 1068 ἐκέλευσέ
597 1007 718 1084 σφεαςό
734 1007 910 1084 Ἀμφιάρεως
927 1008 971 1068 διά

170 1099 348 1177 χρηστηρίων
365 1097 526 1174 ποιεύμενος
546 1096 662 1172 ὁκότερα
681 1096 836 1172 βούλονται
857 1097 972 1156 ἑλέσθαι

170 1185 282 1260 τούτων,
297 1190 386 1265 ἑωυτῷ
398 1183 416 1261 ἢ
430 1184 479 1244 ἅτε
492 1184 576 1260 μάντι
589 1185 731 1262 χρέεσθαι,
742 1182 820 1260 ἣᾶτε
833 1185 972 1264 συμμάχῳ

171 1279 221 1334 τοῦ
235 1275 327 1350 ἐτέρου
341 1273 539 1351 ἀπεχομένους·
557 1276 583 1331 οἱ
597 1273 626 1332 δὲ
640 1271 792 1350 σύμμαχόν
801 1298 849 1348 μιν
863 1272 972 1332 εἵλοντο

173 1361 251 1422 εἶναι·
287 1361 332 1421 διαὶ
358 1364 445 1422 τοῦτο
468 1363 519 1437 μὲν
541 1359 590 1419 οὐκ
612 1360 703 1429 ἔξεστι
725 1361 858 1435 Θηβαίων
884 1359 973 1420 οὐδενὶ

127 1451 185 1509 135
196 1449 294 1510 αὐτόθι
328 1449 606 1530 ἐγκατακοιμηθῆναι.
648 1447 718 1507 Τόδε
752 1448 782 1506 δὲ
816 1447 895 1526 θῶμά
924 1475 973 1525 μοι

172 1538 308 1618 μέγιστον
331 1538 463 1617 γενέσθαι
490 1537 604 1617 λέγεται
631 1536 686 1595 ὐπό
713 1537 855 1611 Θηβαίων·
882 1537 973 1596 ἐλθεῖν

172 1621 227 1701 ἄρα
244 1624 293 1684 τόν
310 1624 445 1700 Εὐρωπέα
462 1629 535 1695 Μῦν,
552 1623 820 1700 περιστρωφώμενον
835 1623 926 1684 πάντα
938 1625 974 1684 τά

172 1711 338 1791 χρηστήρια,
350 1712 395 1769 καὶ
409 1717 436 1774 ἐς
449 1715 498 1770 τοῦ
507 1711 609 1770 Πτώου
618 1711 799 1775 Ἀπόλλωνος
808 1711 841 1771 τό
852 1712 974 1788 τέμενος·

172 1801 256 1859 τοῦτο
275 1799 305 1858 δὲ
321 1798 354 1859 τό
373 1798 433 1876 ἶρόν
449 1799 579 1858 καλέεται
595 1802 647 1876 μὲν
666 1803 774 1870 Πτῶον,
794 1801 854 1859 ἔστι
873 1798 902 1858 δέ
920 1807 974 1876 Θη-

172 1887 271 1963 βαίων,
293 1888 383 1946 κέεται
403 1887 433 1946 δέ
452 1886 522 1963 ὐπέρ
542 1891 592 1963 τῆς
615 1888 763 1950 Κωπαίδος
786 1888 886 1965 λίμνης
906 1887 976 1964 πρός

174 1972 257 2053 οὐρεῖ,
278 1974 424 2057 ἀγχοτάτω
447 1974 630 2052 Ἀκραιφνίης
649 1975 758 2039 πόλιος·
793 1981 821 2038 ἐς
840 1980 922 2034 τοῦτο
942 1973 975 2034 τό

174 2063 234 2140 ἱρόν
248 2065 309 2124 ἐπεί
324 2089 356 2124 τε
371 2063 522 2141 παρελθεῖν
538 2063 588 2123 τόν
604 2062 774 2139 καλεόμενον
789 2067 888 2122 τοῦτον
902 2065 974 2133 Μῦν,

175 2152 295 2212 ἕπεσθαί
306 2155 333 2211 οἱ
346 2153 401 2212 τών
414 2151 508 2212 α’στῶν
521 2151 644 2228 αἱρετούς
657 2149 758 2227 ἄνδρας
771 2155 844 2227 τρεῖς
857 2149 912 2210 άπό
926 2153 976 2210 τοῦ

175 2245 276 2310 κοινοῦ,
291 2240 326 2304 ώς
339 2239 588 2320 ἀπογραψομένους
599 2238 635 2298 τό
649 2239 789 2298 θεσπιέειν
802 2240 913 2314 ἔμελλε·
930 2239 977 2298 καὶ

175 2328 297 2405 πρόκατε
310 2328 360 2388 τόν
373 2327 527 2404 πρόμαντιν
540 2325 682 2405 βαρβάρῳ
695 2325 816 2407 γλώσσῃ
829 2331 910 2405 χρᾶν·
931 2327 977 2384 καὶ

174 2415 239 2478 τούς
251 2424 302 2491 μὲν
316 2416 465 2492 ἑπομένους
477 2419 532 2474 τῶν
550 2415 683 2490 Θηβαίων
697 2419 726 2474 ἐν
743 2413 849 2489 θώματι
863 2415 977 2493 ἔχεσθαι
1031 2454 1033 2459 ·

175 2500 326 2565 α’κούονταςΙ
343 2501 496 2579 βαρβάρου
513 2501 650 2582 γλώσσης
669 2501 730 2561 ἀντὶ
748 2500 896 2570 Ἑλλάδος,
915 2500 977 2561 οὐδὲ

176 2589 248 2666 ἔχειν
260 2587 276 2648 ό
290 2615 318 2648 τι
336 2590 492 2668 χρήσονται
506 2595 544 2668 τῷ
562 2590 693 2667 παρεόντι
710 2589 864 2670 πρήγματι·
885 2589 934 2647 τόν
948 2588 978 2646 δὲ

175 2675 311 2752 Εὐρωπέα
319 2683 384 2736 Μῦν
395 2677 592 2753 ἐξαρπάσαντα
605 2677 669 2754 παρ’
683 2676 773 2736 αὐτῶν
783 2677 834 2752 τήν
845 2677 978 2752 ἐφέροντο

176 2764 284 2834 δέλτον,
298 2765 333 2824 ταὶ
353 2765 492 2844 λεγόμενα
510 2764 565 2824 ύπό
581 2769 631 2824 τοῦ
649 2765 799 2842 προφήτεω
818 2763 939 2845 γράφειν
952 2767 977 2826 ἐς

176 2851 272 2929 αὐτήν·
287 2851 375 2928 φάναι
386 2853 415 2910 δὲ
427 2853 519 2931 Καρίῃ
529 2879 578 2929 μιν
588 2851 708 2933 γλώσση
718 2857 799 2930 χρᾶν·
814 2849 979 2933 συγγραψά-

176 2967 261 3018 μενον
274 2942 304 3000 δὲ
317 2941 446 3020 οἴχεσθαι
460 2940 579 3000 ἀπιόντα
593 2945 620 3002 ἐς
633 2941 807 3015 Θεσσαλίην.

131 3030 188 3089 136
239 3027 398 3106 Μαρδόνιος
413 3028 442 3087 δὲ
462 3026 657 3104 ἐπιλεξάμενος
675 3026 691 3085 ὅ
707 3053 735 3085 τι
752 3027 786 3102 δή
807 3027 841 3101 ἦν
858 3028 979 3108 λέγοντα

177 3115 213 3174 ταὶ
243 3115 410 3195 χρηστήρια,
445 3114 516 3192 μετά
549 3119 636 3173 ταῦτα
669 3115 775 3190 έπεμψε
802 3114 925 3195 ἄγγελον
951 3117 979 3177 ἐς

177 3201 296 3278 Ἀθήνας
304 3202 489 3279 Ἀλέξανδρον
501 3201 551 3260 τόν
562 3201 711 3276 Ἀμύντεω,
722 3201 808 3277 ἄνδρα
819 3201 977 3261 Μακεδόνα·

177 3289 237 3363 ἅμα
250 3293 302 3365 μὲν
315 3291 357 3350 ότι
372 3294 398 3350 οἱ
412 3289 582 3362 προσκηδέες
596 3293 622 3347 οἱ
636 3290 747 3361 Πέρσαι
764 3289 847 3363 ἦσαν·
868 3290 977 3364 (Metu

6 3397 73 3478 h
