2262 3534
160 121 207 170 τοι
463 121 647 170 τινοιοτοτ
895 115 971 184 [1x.'

118 202 157 258 55
167 200 209 274 εἴη
221 197 338 269 ποιέειν;
352 197 404 263 Ὧς
413 199 443 258 δέ
456 199 570 258 ἀπίκετο
583 197 600 257 ὁ
614 196 700 273 κη’ρυξ
713 199 740 259 ἐς
752 195 818 259 τόδς
830 197 964 257 Λακεδαι-

164 287 284 362 μονίους,
299 286 356 364 ὥρα
369 288 401 346 τέ
413 294 505 363 σφεας
524 287 594 345 κατά
606 284 700 364 χώρην
712 284 903 365 τεταγμένους,
918 286 965 344 καὶ

166 379 194 436 ἒς
213 376 303 434 νείκεα
323 373 491 456 ἀπιγμένους
511 373 600 433 αὐτῶν
619 372 684 434 τοάς
700 371 833 448 πρώτους·
856 372 891 436 κός
908 372 965 453 γάρ

167 463 200 538 δή
221 465 428 545 παρηγορέοντο
444 463 493 522 τόν
505 459 722 539 Ἀμομφάρετον
740 459 756 520 ὅ
773 485 805 520 τε
820 458 967 538 Εὐρυάναξ

167 553 212 610 καὶ
233 551 248 612 ὁ
271 552 432 628 Παυσανίης
452 551 492 628 μὴ
512 548 674 610 κινδυνεύειν
695 549 828 626 μένοντας
848 549 967 626 μούνους

167 641 397 718 Λακεδαιμονίων,
420 637 452 698 οὔ
476 663 527 700 κως
545 637 662 708 ἔπειθον·
693 641 720 700 ἐς
743 635 759 696 ὃ
782 641 809 700 ἐς
827 637 918 696 νείκεά
934 665 966 698 τε

166 729 358 806 συμπεσόντες
374 727 515 796 ἀπικέατο,
535 725 581 784 καὶ
600 724 615 784 ὁ
635 725 721 801 κήρνξ
740 728 795 784 τῶν
812 723 965 801 Ἀθηναίων

166 816 322 894 παρίστατό
344 823 399 890 σφι
420 813 580 895 ἀπιγμένος·
610 815 717 882 νεικέων
736 813 765 871 δὲ
782 811 797 872 ὁ
816 812 965 889 Ἀμομφά-

165 931 252 982 ρετος,
267 903 409 980 λαμβάνει
427 902 529 980 πέτρον
541 901 721 980 ἀμφοτέρησι
733 895 801 978 τῇσι
813 903 903 978 χερσὶ,
919 903 965 960 καὶ

167 993 252 1056 τιθεὶς
269 992 324 1070 πρό
340 991 432 1051 ποδοῖν
447 993 502 1050 τῶν
522 990 695 1059 Παυσανίεω,
716 989 803 1066 ταύτῃ
823 992 858 1066 τῇ
879 989 965 1070 ψήφῳ

166 1081 339 1158 ψηφίζεσθαι
367 1081 421 1156 ἐφη
441 1079 482 1155 μή
503 1079 616 1158 φείτγειν
639 1077 702 1139 τούς
723 1077 835 1146 ξείνους·
863 1077 966 1146 ξείνους

168 1170 256 1250 λέγων
278 1168 342 1232 τούς
364 1167 539 1244 βαρβάρους·
570 1164 587 1224 ό
612 1167 641 1224 δὲ
667 1164 834 1242 μαινόμενον
861 1166 906 1223 καὶ
932 1165 965 1226 οὗ

168 1258 306 1334 φρενήρεα
333 1258 439 1316 καλέων
466 1259 576 1324 ἐκεῖνον,
602 1253 670 1331 πρός
693 1279 723 1314 τε
744 1252 793 1312 τάν
812 1251 966 1329 Ἀθηναίων

168 1346 271 1422 κήρυκα
288 1349 475 1424 ἐπειρωτῶντα
487 1343 523 1403 τά
538 1342 729 1418 ἐντεταλμένα,
743 1341 836 1421 λέγειν
855 1341 871 1401 ό
889 1348 965 1401 Παυ·

169 1436 266 1510 σανίης
279 1435 387 1494 ἐκέλευε
399 1434 435 1493 τά
448 1431 586 1509 παρεόντα
603 1435 659 1506 σφι
676 1429 836 1510 πρήγματα,
857 1430 967 1508 ἐχρήϊζέ

170 1547 199 1580 τε
218 1527 272 1582 τῶν
291 1521 445 1597 Ἀθηναίων
470 1519 678 1597 προσχωρῆσαί
695 1543 727 1578 τε
749 1517 821 1594 πρός
842 1515 964 1589 ἐωυτοδς,
1042 1543 1049 1556 ·

171 1611 215 1670 καὶ
235 1612 337 1670 ποιέειν
361 1611 424 1686 περὶ
445 1612 495 1684 τῆς
517 1606 622 1666 ἀπόδου
643 1607 731 1684 τόπερ
750 1604 783 1665 ἂν
805 1606 850 1664 καὶ
871 1609 964 1681 σφεῖς.

120 1699 158 1756 56
172 1697 226 1756 Καὶ
241 1698 256 1756 ὁ
272 1700 323 1773 μέν
344 1696 550 1756 ἀπαλλάσσετο
568 1700 594 1756 ἐς
609 1695 674 1757 τούς
689 1693 858 1770 Ἀθηναίους.
902 1693 966 1758 τοάς

167 1786 197 1844 δέ
213 1786 272 1844 ἐπεὶ
291 1783 517 1861 ἀνακρινομένους
534 1782 603 1859 πρός
620 1782 734 1845 ἐωυτοδς
753 1781 808 1858 ἠιδς
829 1782 966 1860 κατελάμ-

167 1874 247 1948 βανε,
262 1879 290 1933 ἐν
303 1873 390 1952 τούτῳ
403 1877 441 1952 τῷ
453 1872 545 1952 χρόνῳ
556 1871 707 1946 κατήμενος
721 1871 736 1930 ό
751 1873 922 1946 Παυσανίης,
933 1871 965 1931 οὔ

168 1961 268 2022 δοκέων
280 1961 329 2022 τόν
341 1959 558 2038 Ἀμομφάρετον
572 1959 722 2036 λείψεσθαι
735 1963 789 2018 τῶν
802 1955 897 2018 ἄλλων
909 1967 965 2018 Λα-

169 2051 345 2128 κεδαιμονίων
371 2048 602 2128 ἀποστειχόντων,
628 2048 674 2128 (πά
701 2047 735 2123 δή
763 2047 808 2105 καὶ
836 2047 964 2127 ἐγένετο)

170 2137 298 2217 σημήνας
315 2139 406 2220 ἀπῆγε
423 2137 468 2197 διά
480 2141 535 2196 τῶν
552 2140 680 2195 κολωνῶν
693 2138 757 2201 τούς
770 2134 887 2196 λοιποάς
899 2134 964 2194 πόν-

168 2251 227 2291 τας·
249 2229 359 2287 εἵποντο
373 2227 403 2285 δέ
417 2227 463 2284 καὶ
481 2227 625 2305 Τεγεῆται·
646 2223 790 2300 Ἀθηναῖοι
807 2223 836 2281 δὲ
852 2225 966 2301 ταχθέν·

168 2341 213 2378 τες
227 2316 312 2391 ἤϊσαν
329 2315 365 2375 τά
384 2317 504 2392 ἔμπαλιν
521 2311 539 2388 ἢ
558 2311 780 2387 Λακεδαιμόνιοι·
803 2313 829 2369 οἱ
844 2313 896 2386 μὲν
911 2310 966 2391 γάρ

170 2409 224 2463 τῶν
251 2430 281 2464 τε
308 2402 399 2482 όχθων
426 2401 584 2480 ἀντείχοντο
613 2401 658 2466 καὶ
681 2403 731 2474 τῆς
756 2398 891 2475 ἀπωρείης
917 2403 966 2457 τοῦ

171 2493 341 2568 Κιθαιρῶνος
369 2489 541 2567 φοβεόμενοι
567 2487 618 2564 τήν
647 2488 740 2557 ἵππον,
766 2486 911 2561 Ἀθηναῖοι
938 2488 967 2544 δέ

120 2579 159 2639 57
169 2578 241 2637 κάτω
261 2579 431 2654 τραφθέντες
447 2583 474 2641 ἐς
488 2576 521 2636 τό
541 2570 643 2636 πεδίον.
685 2573 902 2650 Ἀμομφάρετος
929 2573 966 2642 δέ,

168 2665 258 2745 ἀρχήν
267 2692 297 2724 τε
308 2663 415 2742 οὗδαμά
428 2667 528 2725 δοκέων
539 2664 704 2738 Παυσανίην
711 2660 866 2738 τολμήσειν
876 2662 968 2736 σφέας

168 2753 325 2823 ἀπολιπεῖν,
350 2755 504 2832 περιείχετο
526 2752 609 2811 αὐτοῦ
630 2753 762 2826 μένοντας
782 2749 822 2826 μὴ
845 2753 968 2808 ἐκλιπεῖν

168 2842 220 2918 τήν
245 2840 333 2911 τάξιν·
365 2840 567 2919 προτερεόντων
594 2841 624 2898 δὲ
646 2843 700 2898 τῶν
727 2838 781 2897 σύν
809 2838 964 2914 Παυσανίῃ,

170 2930 321 3000 καταδόξας
335 2929 434 2992 αὐτοῦς
448 2929 518 3006 ἰθείῃ
532 2929 616 3006 τέχνῃ
634 2928 784 2986 ἀπολιπεῖν
798 2924 889 2994 αὐτόν,
904 2924 968 2983 ἀνα-

168 3021 297 3095 λαβοντα
317 3017 367 3076 τόν
387 3017 476 3094 λόχον
495 3016 531 3074 τά
552 3015 628 3074 ὅπλα
648 3014 701 3094 ἦγε
724 3013 817 3090 βάδην
841 3013 911 3088 πρός
936 3011 968 3071 τό

168 3103 244 3162 ἀλλο
263 3108 375 3178 στῖφος·
397 3104 429 3162 τό
446 3103 483 3171 δέ,
498 3101 624 3160 ἀπελθάν
642 3101 712 3160 ὅσον
730 3127 761 3159 τε
779 3101 844 3160 δέκα
858 3099 967 3168 στάδια,

167 3189 281 3266 ἀνέμενε
312 3190 362 3249 τόν
389 3189 607 3264 Ἀμομφαρέτου
635 3188 724 3266 λόχον
751 3191 814 3264 περὶ
841 3187 967 3262 ποταμὸν

168 3276 319 3336 Μολόεντα
338 3275 481 3352 ἱδρυμένον
497 3273 661 3353 Ἀργιόπιόν
676 3299 708 3333 τε
725 3279 818 3352 χῶρον
835 3273 966 3347 καλεόμε·
