2276 3538
179 125 227 173 ιιι
490 123 677 174 Ἥνοιοτοτ
918 125 979 192 [νι.

181 203 252 279 ὕδωρ
273 203 319 261 ἐπὶ
338 202 390 278 τήν
402 201 624 281 Ἐννεάκρουνον·
646 204 692 284 (ου’
711 204 767 286 γάρ
789 204 859 265 εἶναι
879 210 982 266 τοῦτον

180 289 230 349 τᾶν
247 290 349 368 χρόνον
370 292 458 366 σφίσι
481 319 519 350 κω
541 292 603 352 οὐδὲ
623 297 699 352 τοῖσι
720 292 838 352 άλλοισι
852 293 981 370 Ἕλλησι

182 377 309 458 οἰκέτας)
334 378 403 441 ὅκως
424 380 453 438 δέ
478 382 584 440 ἔλθοιεν
608 379 698 448 αὗται,
721 380 785 444 τούς
810 382 981 462 Πελασγοί-ς

133 501 135 508 v
179 464 234 524 ὖπό
255 465 353 543 ὕβριός
374 492 405 526 τε
427 469 473 526 καὶ
494 468 641 548 ὀλιγωρίης
662 470 787 545 βιάσθαί
805 476 911 545 σφεας·
936 472 981 528 καὶ

180 557 268 612 ταῦτα
287 555 382 630 μέντοι
403 556 490 630 σφίσι
508 555 556 614 οὐκ
571 555 699 634 άποχριῖν
713 558 824 625 ποιέειν,
840 555 917 615 άλλά
939 559 981 616 τέ-

182 645 232 704 λος
256 643 301 700 καὶ
325 642 559 717 ἐπιβουλεύοντας
583 644 770 722 ἐπιχειρήσειν
796 649 918 720 φανῆναι
940 646 981 704 ἐπ’

181 728 345 808 αὐτοφώρῳ·
375 730 490 794 έωυτοῦς
517 731 546 789 δὲ
569 732 701 812 γενέσθαι
728 732 853 810 τοσούτῳ
874 733 980 792 ἐκείνων

183 815 282 892 ἄνδρας
304 817 456 893 ἀμείνονας,
479 818 537 897 ὅσῳ
561 820 664 895 παρεόν
690 819 801 879 αὐτοῖσι
822 819 981 880 ἀποκτεῖναι

130 957 135 966 ,
180 903 244 965 τούς
263 905 432 985 Πελααγούς
454 909 528 985 (ἐπεί
547 914 639 982 σφεας
658 909 763 984 ἔλαβον
786 908 979 983 ἐπιβουλεύονι

181 993 241 1070 τας)
256 990 306 1050 οὔκ
320 993 463 1068 ἐθελῆσαι,
478 993 557 1053 άλλά
571 1003 627 1071 σφι
649 999 791 1071 προειπεῖν
809 1001 839 1054 ἐκ
861 999 910 1071 τῆς
929 1001 977 1077 γῆς

184 1079 292 1148 ἐξιέναι·
315 1080 380 1144 τούς
401 1081 430 1140 δὲ
455 1081 525 1141 οίντω
549 1083 583 1159 δή
608 1083 828 1160 ἐκχωρήσαντας,
853 1082 930 1142 ἄλλα
951 1111 981 1143 τε

182 1171 264 1246 σχεῖν
287 1169 376 1247 χωρία
398 1171 443 1228 καὶ
465 1169 498 1245 δή
524 1172 569 1229 καὶ
592 1175 717 1246 Λῆμνον.
760 1175 848 1230 ἐκεῖνα
872 1174 924 1247 μὲν
947 1172 981 1247 δή

136 1257 192 1314 138
199 1255 345 1319 Ἑκαταῖος
363 1258 446 1326 ἔλεξε,
460 1262 549 1316 ταῦτα
567 1259 596 1317 δὲ
614 1257 758 1334 Ἀθηναῖοι
774 1260 902 1339 λέγουσι.
946 1263 982 1318 Οἶ

183 1345 212 1402 δέ
240 1347 389 1426 Πελασγοὶ
419 1343 495 1404 οὗτοι
521 1351 636 1423 Λῆμνον
664 1347 728 1406 τότε
754 1346 908 1423 νεμόμενοι,
937 1349 982 1405 καὶ

181 1433 353 1509 βουλόμενοι
373 1433 438 1496 τούς
460 1433 624 1509 Ἀθηναίους
647 1433 870 1511 τιμωρήσασθαι,
896 1434 925 1492 εὖ
952 1461 983 1493 τε

184 1520 395 1596 ἐξεπιστάμενοι
411 1521 460 1582 τοὶς
473 1520 626 1595 Ἀθηναίων
646 1521 737 1597 ὁρτάς,
751 1523 983 1599 πεντηκοντέρους

182 1605 355 1682 στησάμενοι
376 1605 519 1684 ἐλόχησαν
536 1607 678 1686 Ἀρτέμιδι
693 1615 721 1668 ἐν
735 1615 879 1686 Βραυρῶνι
900 1609 982 1691 άγοό-

181 1718 235 1756 σας
248 1693 333 1770 ὁρτήν
348 1694 397 1756 τάς
411 1699 465 1754 τῶν
479 1695 632 1771 Ἀθηναίων
652 1701 792 1777 γυναῖκας·
816 1699 939 1759 ἐνθεῦτεν
953 1699 983 1756 δὲ

185 1779 361 1858 άρπάσαντες
380 1783 498 1843 τουτέων
518 1785 630 1847 πολλάς
652 1785 763 1864 οἴχοντο
785 1784 982 1849 ἀποπλέοντες·

183 1869 231 1926 καί
242 1875 334 1944 σφεας
348 1875 375 1932 ἐς
385 1874 500 1946 Λῆμνον
515 1870 666 1953 ἀγαγόντες
679 1873 828 1936 παλλακάς
843 1873 927 1952 εἶχον·
949 1873 983 1938 ὥς

185 1956 214 2014 δὲ
231 1957 332 2017 τέκνων
351 1955 431 2016 οὗτοι
452 1963 480 2018 αἱ
500 1965 627 2041 γυναῖκες
640 1961 875 2037 ὖπεπλήσθησαν,
889 1966 982 2041 γλῶσ-

184 2044 239 2104 σάν
261 2072 292 2105 τε
315 2045 366 2122 τήν
388 2045 518 2122 Ἀττικήν
542 2050 588 2106 καὶ
611 2047 731 2124 τρόπους
753 2052 808 2108 τῶν
831 2047 984 2123 Ἀθηναίων

183 2133 327 2193 ἐδιδασκον
348 2134 412 2197 τούς
435 2135 547 2198 παῖδας·
577 2138 604 2193 οἱ
628 2135 658 2193 δὲ
683 2135 746 2195 οὔτε
769 2137 984 2215 συμμίσγεσθαι

182 2226 258 2282 τοῖσι
280 2229 310 2282 ἐκ
331 2228 385 2283 τῶν
405 2224 590 2304 Πελασγίδων
611 2229 747 2303 γυναικῶν
768 2225 851 2283 παισὶ
871 2223 983 2298 ἤθελον,

185 2311 211 2368 εἴ
222 2337 253 2369 τε
265 2309 397 2370 τύπτοιτό
409 2335 451 2372 τις
464 2310 554 2370 αὐτῶν
567 2310 612 2369 ὑπ’
628 2312 735 2370 ἐκείνων
752 2311 834 2380 τινός,
849 2311 985 2386 ἐβοήθεόν

183 2422 214 2456 τε
232 2397 335 2460 πάντες
353 2397 399 2455 καὶ
419 2397 565 2474 ἐτιμώρεον
583 2398 748 2474 ἀλλήλοισι·
770 2401 815 2458 καὶ
829 2399 862 2473 δή
877 2399 922 2456 καὶ
939 2398 985 2474 ἅρ-

186 2509 247 2562 χειν
262 2509 293 2542 τε
308 2489 363 2543 τῶν
381 2484 486 2542 παίδων
506 2488 533 2542 οἱ
550 2486 644 2548 παῖδες
659 2486 798 2559 ἐδικαίευν,
816 2488 861 2545 καὶ
875 2487 986 2546 πολλὰν

187 2570 360 2647 ἐπεκράτεον·
388 2571 522 2648 μαθόντες
543 2573 572 2631 δὲ
593 2578 681 2633 ταῦτα
703 2578 729 2633 οἱ
752 2575 902 2656 Πελασγοὶ
924 2577 986 2632 έωυ-

184 2663 260 2718 τοῖσι
284 2657 387 2739 λόγους
409 2659 546 2720 ἐδίδοσαν·
574 2662 623 2720 καί
642 2668 731 2737 σφισι
751 2663 987 2738 βουλευομένοισι

185 2745 273 2806 δεινόν
286 2772 314 2805 τι
328 2747 446 2816 ἐσέδυνε,
462 2752 485 2806 εί
498 2748 532 2823 δὴ
547 2749 753 2830 διαγινώσκοιεν
772 2750 860 2826 σφίσι
873 2775 904 2808 τε
916 2749 987 2824 βινη-

185 2836 257 2896 θέειν
277 2838 303 2895 οἱ
321 2836 417 2898 παῖδες
434 2835 505 2912 πρός
523 2843 577 2898 τῶν
597 2837 752 2912 κουριδιέων
769 2841 906 2919 γυναικοῖν
923 2835 988 2898 τοῦς

184 2923 292 2994 παῖδας,
315 2925 361 2983 καὶ
382 2923 486 2982 τούτων
508 2924 605 2983 αὐτίκα
626 2923 721 3001 ἄρχειν
739 2924 884 3003 πειρῴατο,
903 2925 934 2983 τί
952 2923 987 2998 δή

187 3010 369 3087 ἀνδρωθέντες
389 3011 472 3085 δῆθεν
495 3011 667 3086 ποιήσουσι,
690 3013 809 3071 ἐνθαῦτα
834 3011 911 3081 ἔδοξέ
932 3017 989 3086 σφι

187 3100 301 3158 κτείνειν
311 3098 376 3160 τούς
383 3097 484 3158 παῖδας
496 3097 560 3159 τούς
573 3102 603 3154 ἐκ
616 3100 671 3155 τῶν
683 3096 829 3158 Ἀττικέων
842 3103 988 3179 γυναικών·

186 3190 298 3244 ποιοῦσι
320 3185 354 3260 δή
375 3188 471 3254 ταῦτα,
494 3183 749 3259 προσαπολλύουσι
771 3185 802 3243 δέ
822 3192 919 3260 σφεων
943 3188 988 3243 καίΙ

186 3271 236 3333 τάς
259 3273 389 3348 μητέρας.
429 3268 486 3328 άπδ
511 3270 611 3328 τούτου
636 3271 665 3328 δὲ
687 3276 738 3330 τοῦ
761 3274 844 3352 ἔργου
868 3273 914 3330 καὶ
938 3278 989 3331 το]
