2268 3536
166 158 273 222 95-98]
421 191 423 195 .
469 157 672 207 αονοικοιυι.
933 151 964 202 ιτ

165 237 235 314 αι’πη
247 236 302 318 γάρ
315 234 334 312 ἦ
347 235 430 300 πόλις
441 240 497 296 τῶν
510 236 631 295 λοιπέων
649 234 811 294 ἐδυνάστευε
831 229 964 312 μέγιστα·

165 325 291 386 ε’πελθῶν
312 325 342 385 δὲ
363 326 409 384 ε’πὶ
431 324 480 384 τόν
503 324 592 400 δῆμον
612 322 628 382 ὁ
646 321 858 403 Ἀρισταγόρης,
876 315 965 378 ταότά

164 414 245 495 ἔλεγε
262 412 298 474 τά
316 413 362 472 καὶ
381 418 410 473 ε’ν
425 416 461 492 τῇ
478 412 602 491 Σπάρτῃ,
617 411 681 488 περὶ
702 414 757 469 τῶν
778 409 888 489 ἀγαθῶν
908 410 964 467 τῶν

164 507 193 562 ε’ν
216 505 252 582 τῇ
276 501 368 580 Ἀσίῃ,
393 501 439 560 καὶ
462 504 512 560 τοῦ
534 500 661 576 πολέμου
681 501 732 558 τοῦ
754 500 906 574 Περσικοῦ,
928 494 964 559 ῶς

164 589 227 649 οὔτε
249 589 356 650 ἀσπίδα
378 589 441 649 οὔτε
459 587 525 666 δόρυ
544 588 698 665 νομίζουσι,
713 584 836 648 εὐπετέες
852 609 883 644 τε
902 609 960 663 χει·

164 675 286 754 ρωθῆναι
300 679 408 753 εἴησαν.
448 680 537 737 ταῦτα
550 702 581 736 τε
594 675 628 751 δὴ
643 677 730 756 ἔλεγε,
745 674 790 732 καὶ
803 671 874 750 πρός
886 675 962 732 τοῖσι

163 764 237 836 τάδε,
252 765 288 830 ῶς
309 769 336 825 οἱ
355 765 497 842 Μιλήσιοι
515 769 571 824 τῶν
590 763 744 840 Ἀθηναίων
766 761 821 821 εἶσὶ
841 759 962 830 ἄποικοι,

163 854 209 912 καὶ
230 854 304 918 οἰκός
320 859 412 930 σφεας
431 854 472 930 εἴη
493 853 610 930 ῥύεσθαι
628 852 793 928 δυναμένους
810 851 893 930 μέγα·
915 849 962 908 καὶ

163 940 241 1001 οὐδὲν
259 941 275 1002 ό
292 968 320 1002 τι
341 941 390 1002 οὐκ
410 941 555 1019 ὑπίσχετο,
569 941 616 999 οἶα
636 939 723 1016 κάρτα
741 938 878 1015 δεόμενος·
900 942 927 1000 ἐς
945 935 962 997 ἀ

162 1027 294 1089 ἀνέπεισέ
304 1038 405 1106 σφεας.
440 1029 565 1091 πολλοῦς
578 1028 633 1109 γάρ
647 1027 705 1086 οἶκε
719 1027 788 1086 εἶναι
802 1025 961 1085 εὐπετέστε-

162 1141 212 1190 ρον
231 1118 399 1193 διαβάλλειν
418 1115 437 1192 ἢ
456 1118 511 1185 ἕνα,
527 1119 550 1174 εἰ
564 1117 727 1192 Κλεομένεα
745 1117 797 1190 μὲν
810 1112 859 1173 τόν
872 1120 959 1172 Λακε-

163 1201 305 1280 δαιμόνιον
325 1209 429 1281 μοῦνον
450 1204 499 1262 οὐκ
523 1204 580 1266 οἶός
600 1229 631 1262 πε
653 1203 761 1282 ἐγένετο
784 1200 960 1276 διαβάλλειν,

162 1295 236 1366 τρεῖς
253 1292 283 1352 δὲ
300 1290 433 1368 μυριάδας
450 1290 603 1366 Ἀθηναίων
616 1291 732 1364 ε’ποίησε
744 1293 837 1348 τοῦτο.
878 1287 960 1364 Ἀθη-

163 1383 235 1438 ναῖοι
248 1377 299 1458 μὲν
313 1380 346 1455 δὴ
360 1379 581 1449 ἀναπεισθέντες,
598 1377 776 1456 ἐψηφίσαντο
796 1377 883 1434 εἴκοσι
898 1377 961 1440 νέας

163 1467 331 1528 ἀποστεῖλαι
350 1467 475 1544 βοηθούς
487 1466 576 1536 Ἴωσι,
596 1464 755 1546 στρατηγόν
776 1463 960 1534 ἀποδέξαντες

163 1555 251 1616 αὐτῶν
265 1557 333 1616 εἶναι
348 1555 518 1625 Μελάνθιον,
532 1553 618 1633 ἀνδρα
632 1559 687 1614 τῶν
707 1553 809 1623 ἀστῶν,
824 1552 904 1613 ε’όντα
923 1553 959 1614 πά

163 1642 253 1703 πάντα
273 1644 395 1721 δόκιμον.
437 1641 517 1703 αὗται
537 1644 565 1702 δὲ
584 1648 613 1702 αἱ
629 1645 685 1706 νέες
703 1641 777 1722 ἀρχῆ
796 1645 886 1701 κακῶν
902 1644 958 1724 ε’γέ-

163 1757 243 1790 νοντο
258 1731 388 1808 Ἕλλησί
404 1759 435 1791 τε
456 1732 501 1790 καὶ
522 1733 710 1810 Βαρβάροισι.

202 1818 405 1901 Ἀρισταγόρης
426 1819 455 1879 δὲ
477 1821 658 1897 προπλώσας,
681 1821 726 1878 καὶ
748 1818 914 1896 ἀπικόμενος
932 1824 959 1882 ἐς
968 1821 1007 1878 98

700 1906 737 1926 ⁸0
775 1905 817 1930 ΩΙ

163 1906 214 1982 την
233 1909 371 1984 Μίλητον,
391 1907 506 1985 ε’ξευρῶν
524 1909 672 1985 βούλευμα
690 1935 730 1966 απ
757 1933 788 1966 ου
819 1909 959 1985 Ιωσιμὲυ

164 1993 277 2072 οὐδεμία
290 1997 392 2072 ἔμελλε
406 1995 514 2072 ῶφελίη
529 1995 751 2066 ἔσεσθαι-οὐδ’
767 1995 803 2056 ὧν
817 1994 880 2054 ου’δέ
896 1995 958 2055 ποό-

163 2108 212 2140 του
233 2085 322 2143 εἵνεκα
344 2086 442 2154 ε’ποίεε,
461 2083 527 2143 ἀλλ’
540 2084 608 2146 ὅκως
626 2085 754 2159 βασιλέα
773 2087 893 2158 Δαρεῖον
911 2087 959 2141 λυ-

164 2171 419 2250 πήσειε,-ἔπεμψε
443 2177 471 2235 ε’ς
495 2171 547 2246 τὴν
570 2172 694 2251 Φρυγίην
715 2169 801 2246 ἀνδρα
823 2171 868 2228 ε’πὶ
895 2171 959 2232 τούς

164 2261 294 2329 Παίονας,
307 2260 371 2321 τούς
384 2258 441 2318 ἀπό
451 2258 610 2336 Στρυμόνος
621 2261 750 2333 ποταμοῦ
764 2257 960 2335 αἰχμαλώτους

162 2348 326 2427 γενομένους
343 2345 398 2405 όπό
416 2345 599 2426 Μεγαβάζου,
619 2345 758 2408 οἰκέοντας
776 2345 804 2404 δὲ
823 2349 873 2421 τῆς
889 2353 959 2422 Φρυ-

166 2436 224 2515 γίης
244 2433 336 2512 χῶρόν
356 2459 387 2493 τε
409 2434 455 2492 καὶ
477 2434 570 2510 κόμην
591 2433 633 2494 ἐπ’
656 2437 769 2494 ἑωυτῶν·
797 2433 827 2497 ὃς
849 2436 911 2494 ε’πεί
927 2461 959 2495 τε

162 2522 277 2582 ἀπίκετο
296 2528 323 2586 ές
338 2521 403 2586 ταῶς
416 2523 548 2592 Παίονας,
563 2523 641 2600 ἔλεγε
657 2522 732 2582 τάδε·
753 2534 771 2559 “
780 2522 874 2601 ἀνδρες
888 2526 959 2584 Παί-

162 2639 229 2683 ονες,
247 2612 355 2690 ἔπεμψέ
371 2637 407 2690 με
423 2611 627 2693 Ἀρισταγόρης
643 2611 658 2672 ό
678 2612 808 2688 Μιλήτου
826 2613 960 2691 τύραννος

162 2701 301 2777 σωτηρίην
316 2700 383 2778 ὑμῖν
400 2699 621 2777 ἀποθησόμενον,
635 2701 721 2777 ἤνπερ
734 2701 884 2778 βούλησθε
902 2703 958 2761 πεί-

163 2790 271 2849 θεσθαι·
292 2793 341 2849 νῦν
358 2789 413 2870 γάρ
429 2788 519 2865 Ἰωνίη
536 2793 617 2848 πᾶσα
635 2789 776 2865 ἀπέστηκε
797 2789 852 2849 ἀπό
873 2792 960 2867 βασι-

162 2877 234 2947 λέος,
249 2879 294 2936 καὶ
312 2877 378 2953 ὑμῖν
398 2878 515 2955 παρέχει
533 2876 675 2947 σώζεσθαι
695 2879 741 2935 ε’πὶ
758 2878 810 2953 τὴν
826 2878 961 2955 ὑμετέρην

163 2963 261 3024 αὐτῶν.
302 2966 386 3043 μέχρι
406 2969 458 3042 μὲν
478 2964 628 3040 θαλάσσης
649 2965 760 3025 αὐτοῖσι
780 2965 853 3042 ὑμῖν,
875 2966 907 3025 τό
930 2966 960 3024 δὲ

162 3050 218 3110 ἀπό
232 3051 332 3112 τούτου
345 3053 412 3129 ἡμῖν
425 3052 478 3129 ἥδη
491 3052 637 3130 μελήσει.”
677 3058 765 3112 ταῦτα
779 3054 808 3112 δὲ
824 3052 959 3112 ἀκούσαν-

149 3153 207 3204 ’τες
220 3143 247 3199 οἱ
260 3143 388 3211 Παίονες,
403 3142 490 3219 κάρτα
508 3167 538 3200 τε
556 3141 706 3200 ἀσπαστόν
725 3139 893 3214 ἐποιήσαντο
914 3141 960 3198 καὶ

163 3227 354 3306 ἀναλαβόντες
374 3230 474 3293 παῖδάς
488 3256 520 3290 τε
537 3231 582 3288 καὶ
599 3233 737 3310 γυναῖκας,
758 3226 962 3302 ἀπεδίδρησκον

163 3318 209 3377 ἐπὶ
231 3317 392 3390 θάλασσαν·
421 3322 448 3376 οἱ
471 3319 502 3376 δι’·
524 3343 594 3380 τινες
617 3316 705 3374 αὐτῶν
730 3315 774 3371 καὶ
799 3314 960 3389 κατέμειναν

1056 3406 1128 3488 Δ
