2262 3534
162 118 210 166 330
470 115 653 164 ἨΡΟΔΟΤΟΤ
899 117 963 181 [IX.

162 194 192 254 δέ
212 198 268 256 πιῖν
291 193 325 254 τό
341 194 475 254 ’ἐναντίον
496 197 548 254 τοῦ
574 195 821 276 προστεταγμένου
847 197 965 270 ἐποίεον,

162 282 253 346 ἄλλος
276 309 307 342 τε
327 283 529 364 κατηγεόμενοί
546 289 602 360 σφι
622 282 702 347 όδοῦς
723 283 862 366 φεύγουσι
882 285 911 344 αἳ
931 287 966 363 δὴ

163 372 264 447 ἐφερον
288 376 316 434 ἐς
342 371 406 434 ταώς
433 372 592 449 πολεμίους,
622 371 669 432 καὶ
694 372 776 436 τέλος
803 372 885 433 αὐτοί
909 380 966 450 σφι

163 459 288 540 ἐγίνοντο
320 461 470 522 κτείναντες
503 459 719 537 πολεμιώτατοι.
760 460 831 522 οὕτω
864 461 899 538 δὴ
931 463 967 524 τό

162 547 290 625 δεύτερον
302 546 392 623 Ἰωνίη
404 547 462 608 ἀπὸ
476 550 610 626 Περσέων
623 547 744 625 ἀπέστη.

117 637 173 696 105
222 635 273 696 Ἐν
294 635 325 696 δέ
347 634 435 713 ταύτῃ
455 639 492 714 τῇ
518 635 597 715 μάχη
623 635 813 712 Ελλήνων’
794 638 966 744 ηρίστευσαν

116 723 315 833 Ἀθηναῖοι·
353 724 400 782 καὶ
417 722 579 834 ’λθηναίωη
599 724 809 802 Ερμόλυκος
793 752 809 786 ο
830 725 965 796 Ευθόνου,

116 812 233 888 ἀ’νὴρ
251 809 424 892 παγκράτιον
443 809 617 887 ἐπασκήσας
637 816 737 872 τοῦτον
752 812 831 872 δέ
797 839 847 872 τον
864 813 965 920 Ερμό-

162 904 248 960 λυκον
275 897 460 974 κατέλαβε”
442 923 564 975 υστερον
590 925 701 970 τουτων,
722 900 901 976 πολέμου”
872 927 966 964 εοντος

160 986 340 1064 Ἀθηναίοισί
363 1012 394 1046 τε
425 987 472 1046 καὶ
502 989 698 1064 Καρυστίοισι,
732 993 761 1047 ἐν
789 987 888 1068 Κύρνῳ
913 993 966 1064 τῆς

162 1077 325 1153 Καρυστίης
337 1075 429 1155 χώρης
449 1073 627 1136 ἀποθανόντα
648 1079 677 1135 ἐν
691 1075 779 1154 μάχη,
794 1077 905 1136 κεῖσθαι
918 1078 965 1136 ἐπὶ

162 1167 314 1244 Γεραιστῷ·
335 1162 406 1239 μετὰ
425 1163 455 1222 δὲ
470 1161 641 1238 Ἀθηναίους,
664 1163 809 1239 Κορίνθιοι
822 1164 869 1224 καὶ
884 1169 964 1242 Τροι-

162 1251 250 1328 ζήνιοι
264 1253 309 1310 καὶ
324 1250 468 1315 Σικυώνιοι
481 1250 661 1328 ἠρίστευσαν.

116 1341 172 1400 106
221 1339 304 1400 Ἐπεί
333 1365 365 1400 τε
392 1339 421 1398 δέ
448 1337 657 1419 κατεργάσαντο
684 1341 711 1398 οἶ
735 1337 875 1415 Ἕλληνες
899 1341 965 1406 τούς

161 1428 296 1497 πολλοὺς,
307 1426 371 1490 τούς
380 1429 432 1504 μέν
441 1426 618 1505 μαχομένους
630 1425 697 1490 τούς
710 1426 739 1484 δὲ
753 1427 799 1486 καὶ
810 1426 965 1509 φεύγοντας

160 1519 216 1575 τῶν
235 1515 399 1592 βαρβάρων,
419 1513 470 1578 τώς
489 1515 552 1578 νέας
572 1515 728 1591 ἐνέπρησαν
751 1515 798 1573 καὶ
818 1515 851 1574 τό
871 1519 965 1594 τεῖχος

161 1601 245 1670 ἅπαν,
266 1602 318 1677 τήν
337 1602 420 1677 ληίην
440 1600 680 1683 προεξαγαγόντες
701 1607 728 1664 ἐς
747 1601 797 1662 τὸν
823 1603 963 1684 αἰγιαλόν·

162 1691 209 1748 καὶ
225 1689 381 1766 θησαυρούς
398 1715 474 1752 τινας
492 1690 642 1768 χρημάτων
660 1687 749 1768 εὗρον·
770 1690 965 1768 ἐμπρήσαντες

162 1777 192 1836 δὲ
205 1777 238 1837 τὸ
250 1781 343 1858 τεῖχος
356 1777 403 1836 καὶ
414 1776 465 1840 τὰς
475 1778 537 1848 νέας
547 1776 699 1838 ἀπέπλεον.
723 1776 886 1855 α’πικόμενοι
895 1778 925 1838 δέ
936 1783 965 1844 ἐς

163 1863 261 1942 Σάμον
271 1869 298 1924 οἱ
305 1864 452 1941 Ἐλληνες,
463 1865 648 1942 ἐβουλεύοντο
658 1867 724 1943 περὶ
732 1865 904 1929 ἀναστάσιος
913 1871 965 1943 τῆς

161 1952 273 2030 Ἰωνίης,
287 1954 333 2014 καὶ
346 1953 402 2030 ὅπη
415 1953 499 2033 χρεόν
517 1955 559 2030 εἴη
575 1957 626 2030 τῆς
640 1953 779 2018 Ἑλλάδος
797 1955 963 2025 κατοικίσαι,

162 2046 212 2118 τῆς
231 2041 310 2102 αὖτοὶ
330 2043 475 2123 ἐγκρατέες
493 2040 577 2117 ἦσαν·
611 2041 663 2118 τὴν
682 2041 712 2100 δὲ
729 2040 834 2116 Ἰωνίην
854 2042 965 2102 οἷπεῖναι

161 2134 238 2190 τοῖσι
250 2130 438 2208 βαρβάροισι·
459 2129 593 2190 ἀδύνατον
608 2129 663 2210 γὰρ
682 2129 811 2205 ἐφαίνετό
825 2137 880 2204 σφι
894 2130 964 2189 εἶναι

163 2218 279 2282 ἐωυτοιίς
304 2245 335 2278 τε
360 2217 457 2278 Ἰώνων
484 2217 678 2294 προκατῆσθαι
706 2218 892 2293 φρουρέοντας
914 2216 964 2278 τὸν

162 2305 254 2366 πάντα
265 2306 377 2386 χρόνον·
398 2306 444 2364 καὶ
458 2308 562 2364 ἐωυτῶν
574 2303 614 2381 μὴ
630 2304 852 2381 προκατημένων,
866 2303 964 2368 Ἴωνας

163 2393 293 2471 οὐδεμίαν
306 2393 407 2454 ἐλπῶα
420 2393 497 2472 εἶχον
510 2394 658 2470 χαίροντας
678 2392 749 2470 πρός
761 2396 817 2452 τῶν
830 2394 964 2470 Περσέων

162 2479 346 2550 ἀπαλλάξειν.
387 2481 458 2558 πρός
469 2484 558 2540 ταῦτα
573 2480 811 2556 Πελοποννησίων
822 2483 875 2557 μέν
886 2485 963 2541 τοῖσι

164 2573 193 2627 ἐν
215 2569 291 2627 τέλεῖ
311 2573 390 2630 ἐοῦσι
411 2567 502 2628 ἐδόκεε
521 2572 576 2628 τῶν
594 2566 771 2644 μηδισάντων
792 2569 889 2628 ἐθνέων
908 2562 964 2628 τών

162 2654 336 2730 Ἑλληνικῶν
348 2656 384 2716 τά
398 2655 518 2732 ἐμπόρια
538 2655 790 2731 ἐξαναστήσαντας,
804 2655 899 2716 δοῦναι
911 2655 965 2732 τήν

162 2743 255 2823 χώρην
275 2742 357 2803 Ἰωσι
384 2747 537 2819 ἐνοικῆσαι·
557 2743 732 2820 Ἀθηναίοισι
752 2743 782 2802 δὲ
802 2742 852 2802 οὐκ
872 2743 964 2805 ἐδόκεε

163 2831 261 2910 ἀρχὴν,
279 2831 384 2908 Ἰωνίην
401 2832 533 2912 γενέσθαι
551 2830 718 2902 ἀνάστατον,
735 2829 798 2892 οώδέ
816 2835 964 2904 Πελοπον-

163 2921 288 2996 νησίοισι
311 2921 449 2998 περὶτῶν
471 2920 615 2996 σφετέρων
638 2918 783 2980 ἀποικιέων
805 2919 964 2996 βουλεύειν·

163 3006 366 3068 ἀντιτεινόντων
384 3007 414 3068 δὲ
430 3007 533 3066 τούτων
553 3006 710 3084 προθύμως,
730 3007 805 3077 εἶξαν
825 3010 852 3066 οἶ
871 3011 964 3068 Πελο-

162 3094 319 3170 ποννήσιοι·
343 3096 390 3153 καὶ
407 3093 478 3152 οὕτω
496 3093 530 3167 δὴ
549 3094 671 3168 Σαμίους
690 3119 721 3152 τε
742 3095 788 3153 καὶ
808 3095 896 3160 Χίους
917 3096 965 3156 καὶ

163 3183 307 3257 Λεσβίους
333 3183 379 3240 καὶ
407 3181 471 3242 τούς
501 3179 606 3242 ἅλλους
637 3180 781 3256 νησιώτας,
809 3183 836 3242 οἳ
865 3184 964 3264 ἔτυχον

164 3268 417 3344 συστρατευόμενοι
438 3271 513 3327 τοῖσι
525 3267 661 3342 Ἕλλησι,
683 3272 710 3330 ἐς
729 3269 762 3328 τό
782 3272 963 3351 συμμαχικέν
