2276 3538
183 155 230 204 τοι
407 169 410 174 -
495 155 675 206 ἀτοιοτου
903 153 980 221 [νιν

180 232 275 311 τρόπῳ
284 234 376 293 τοίνυν
389 232 421 293 ού
430 239 546 314 χρηστῷ
554 234 693 312 Ἕλληνες
702 236 907 316 διαχρεώμενοι,
916 238 981 312 ἐμέο

181 319 337 384 ἐλάσαντος
354 323 438 401 μέχρι
451 325 624 399 Μακεδονίης
637 328 698 404 γῆς,
712 323 761 384 οὐκ
775 324 865 399 ἦλθον
880 329 907 387 ἐς
919 324 981 384 τού-

180 435 237 473 του,
249 410 337 491 λόγον
357 411 430 470 ὥστε
449 411 601 490 μάχεσθαι,
615 413 664 471 σοὶ
680 412 709 470 δὲ
723 412 757 488 δή
770 414 871 489 μέλλει
891 438 941 480 τις,
961 411 982 470 ὦ

180 499 313 575 βασιλεῦ,
335 498 521 560 ἀντιώσεσθαι
542 499 668 576 πόλεμον
689 502 867 578 προσφέρων,
884 499 981 581 ἄγοντι

180 587 226 645 καὶ
242 589 351 664 πλῆθος
367 587 399 648 τδ
417 593 446 646 ἐκ
463 591 513 664 τῆς
528 587 628 664 Ἀσίης
645 589 691 646 καὶ
707 589 769 652 νέας
785 587 835 651 τοῖς
849 587 963 652 άπάσας
972 615 980 657 ;

181 675 217 738 ώς
233 679 284 753 μὲν
303 676 357 756 ἐγώ
375 676 468 745 δοκέω,
483 675 532 736 ούκ
554 681 581 739 ἐς
598 679 682 736 τοῦτο
704 677 823 754 θράσεος
837 674 932 751 άνήκει
945 677 981 737 τά

179 763 323 840 Ἑλλήνων
343 763 504 844 πρήγματα.
547 769 570 823 εἰ
591 765 620 823 δέ
641 764 694 840 ἄρα
712 764 766 844 ἐγώ
781 791 815 844 γε
829 766 980 841 ψευσθείην

178 852 283 931 γνώμῃ,
299 853 344 910 καὶ
359 856 457 912 ἐκεῖνοι
471 854 635 929 ἐπαρθέντες
649 852 772 932 ἀβουλίῃ
787 854 895 912 ἔλθοιεν
912 852 979 929 ἡμῖν

179 945 206 1001 ἐς
218 939 320 1017 μάχην,
335 939 450 1016 μάθοιεν
464 936 498 1000 ἂν
513 940 547 1004 ὥς
562 945 636 1016 εἰμεν
650 940 801 1018 ἀνθρώπων
814 939 925 1018 ἄριστοι
943 942 979 1000 τά

177 1029 329 1104 πολεμήϊα.
371 1029 442 1086 ἔστω
456 1028 478 1087 δ’
493 1028 529 1088 ὧν
542 1029 628 1106 μηδὲν
641 1028 799 1106 ἀπείρητον·
821 1027 979 1105 αὐτόματον

177 1114 232 1196 γάρ
245 1114 331 1186 οὐδὲν,
343 1115 409 1176 ἀλλ’
419 1117 475 1177 άπό
489 1119 585 1194 πείρης
598 1117 689 1176 πάντα
703 1116 874 1192 ἀνθρώποισι
885 1119 979 1192 φιλέει

176 1203 329 1284 γίνεσθαι.”
370 1205 529 1282 Μαρδόνιος
546 1209 599 1283 μὲν
616 1210 741 1266 τοσαῦτα
762 1204 908 1282 ἐπιλεήνας
926 1206 978 1282 τήν

176 1295 284 1371 Ξέρξεω
297 1295 417 1376 γνώμην,
432 1296 580 1355 ἐπέπαυτο.

130 1383 167 1440 10
218 1384 385 1446 Σιωπώντων
406 1383 436 1442 δέ
454 1389 508 1444 τῶν
527 1382 622 1444 ἄλλων
640 1384 773 1460 Περσέων
793 1383 839 1442 καὶ
860 1381 892 1442 ού
912 1388 977 1442 τολ-

175 1469 288 1544 μώντων
297 1472 410 1552 γνώμην
423 1471 638 1532 ἀποδείκνυσθαι
649 1471 743 1548 άντίην
756 1498 792 1550 τῃ
802 1472 976 1551 προκειμένη,

175 1555 352 1633 Ἀρτάβανος
373 1559 389 1618 ὁ
409 1558 587 1622 Ὑστάσπεος
607 1560 717 1636 πάτρως
742 1559 792 1619 ἐών
813 1561 912 1638 Ξέρξη,
938 1567 977 1640 τῷ

175 1643 209 1719 δή
232 1646 277 1702 καὶ
296 1647 413 1708 πίσυνος
432 1646 490 1716 ἐών,
514 1648 592 1728 ἔλεγε
614 1647 689 1707 τάδε·
712 1648 758 1707 “ὦ
778 1649 913 1724 βασιλεῦ,
934 1649 976 1725 μή

174 1733 343 1810 λεχθεισέων
356 1736 407 1809 μὲν
420 1735 549 1813 γνωμέων
560 1734 672 1796 άντιέων
683 1735 838 1815 ἀλλήλῃσι,
851 1735 900 1795 ούκ
915 1737 976 1796 ἐστι

173 1819 225 1894 τήν
238 1818 340 1895 άμείνω
351 1821 511 1898 αἱρεόμενον
522 1824 638 1883 ἑλέσθαι
652 1823 729 1883 άλλά
744 1824 786 1883 δεῖ
797 1828 833 1902 τῇ
847 1825 975 1904 εἰρημένῃ

173 1908 308 1984 χρῆσθαι·
333 1911 502 1987 λεχθεισέων
523 1912 560 1981 δὲ,
585 1913 654 1971 ἔστι·
680 1911 775 1990 ὥσπερ
797 1914 846 1972 τόν
866 1913 976 1991 χρυσόν

173 1995 222 2056 τόν
238 1995 377 2073 α’κήρατον
395 1998 478 2059 αὐτόν
494 2003 545 2076 μὲν
567 2000 608 2059 ἐπ’
622 2005 722 2060 ἑωυτοῦ
740 2001 773 2060 οὐ
796 2000 975 2082 διαγινώσκο-

172 2111 231 2160 μεν,
248 2086 332 2146 ἐπεάν
351 2088 379 2146 δὲ
399 2089 615 2166 παρατρίψωμεν
634 2088 713 2169 άλλιρ
734 2093 831 2168 χρυσῷ
852 2089 974 2169 διαγινώ-

173 2199 279 2250 σκομεν
295 2175 344 2235 τάν
365 2175 475 2252 άμείνω.
518 2177 571 2258 ἐγώ
585 2177 614 2236 δὲ
629 2178 675 2234 καὶ
689 2178 774 2254 πατρὶ
787 2182 825 2256 τῷ
839 2181 881 2255 σῷ
894 2177 975 2237 α’δελ-

174 2267 232 2339 φεῷ
248 2264 277 2322 δὲ
292 2268 355 2342 ἐμῷ,
371 2266 487 2343 Δαρείῳ,
501 2265 635 2345 ἠγόρευον
650 2265 691 2342 μή
705 2265 910 2342 στρατεύεσθαι
929 2267 975 2326 ἐπὶ

174 2351 289 2419 Σκύθας,
310 2351 409 2428 ἄνδρας
431 2351 565 2428 οὐδαμόθι
584 2357 636 2433 γῆς
654 2353 726 2414 άστν
746 2355 886 2430 νέμοντας·
908 2353 923 2413 ά
945 2355 975 2414 δέ

172 2440 290 2508 ἐλπίζων
305 2440 412 2502 Σκύθας
425 2439 488 2503 τούς
505 2441 626 2517 νομάδας
643 2443 897 2521 καταστρέψεσθαι,
912 2446 977 2520 ἐμοί

171 2551 202 2584 τε
223 2525 272 2584 ούκ
293 2529 416 2586 ἐπείθετο
433 2529 675 2606 στρατευσάμενός
689 2557 719 2590 τε
732 2529 859 2593 πολλούς
875 2557 905 2589 τε
927 2534 974 2591 καὶ

172 2612 293 2693 άγαθούς
312 2618 362 2689 τῆς
383 2621 516 2691 στρατιῆς
534 2615 690 2693 ἀποβαλών
704 2617 825 2694 άπῆλθε·
847 2618 884 2678 σύ
899 2619 974 2687 δέ,ὦ

171 2703 304 2776 βασιλεῦ,
325 2704 439 2778 μέλλεις
457 2704 499 2762 ἐπ’
520 2704 620 2782 ἄνδρας
640 2707 843 2781 στρατεύεσθαι
862 2705 974 2765 πολλόν

172 2787 316 2865 άμείνονας
335 2789 352 2866 ἢ
374 2791 491 2856 Σκύθας·
514 2794 539 2852 οἳ
560 2793 630 2852 κατά
652 2793 804 2854 θάλασσάν
817 2821 847 2853 τε
862 2793 973 2870 ἄριστοι

172 2877 217 2935 καὶ
232 2877 302 2937 κατά
314 2884 367 2960 γῆν
381 2880 511 2960 λέγονται
531 2881 608 2941 εἶναι.
650 2881 683 2940 τό
703 2883 731 2941 δέ
753 2882 864 2940 αὐτοῖσι
882 2883 973 2941 ἔνεστι

173 2965 268 3035 δεινόν,
284 2969 333 3044 ἐμέ
346 2994 393 3027 σοι
407 2968 512 3028 δίκαιόν
527 2975 588 3028 ἐστι
602 2969 726 3045 φράζειν·
742 2971 838 3040 ζεύξας
852 2969 909 3047 φής
922 2969 973 3028 τόν

172 3053 387 3129 Ἑλλήσποντον
401 3061 468 3115 ἐλᾶν
482 3057 604 3132 στρατόν
618 3057 663 3114 διά
676 3061 725 3130 τῆς
735 3057 870 3132 Εὐρώπης
882 3062 908 3118 ἐς
921 3056 973 3132 τήν

171 3141 306 3202 Ἐλλάδα·
329 3145 374 3201 καὶ
388 3144 421 3217 δή
437 3145 481 3200 καὶ
498 3144 640 3216 συνήνεικε
661 3143 723 3217 ἤτοι
743 3143 811 3201 κατά
826 3148 880 3223 γῆν
894 3142 911 3216 ἢ
927 3143 972 3200 καὶ

173 3229 243 3288 κατά
266 3230 416 3288 θάλασσαν
438 3232 605 3304 ἑσσωθῆναι,
627 3229 645 3306 ἢ
668 3231 714 3288 καὶ
736 3230 794 3289 κατ’
813 3229 970 3305 άμφάτερα·

172 3319 198 3374 οἱ
219 3316 273 3397 γάρ
296 3316 390 3393 ἄνδρες
412 3318 542 3397 λέγονται
565 3317 634 3376 εἶναι
655 3316 779 3393 άλκιμοι·
801 3317 922 3394 πάρεστι
942 3316 974 3376 δὲ
