2278 3538
136 149 245 212 95-98]
455 149 608 200 οοτιυικ.
886 149 934 204 257

135 230 186 290 τόν
198 254 229 288 τε
243 227 334 288 ἄλλον
345 227 436 290 πάντα
453 229 503 289 τὸν
520 231 584 306 περὶ
599 234 649 305 τῆς
664 231 818 309 ναυμαχίης
833 230 934 306 ταύτης

137 317 281 393 εἰρημένον
295 315 393 375 Βάκιδι
410 317 456 376 καὶ
473 319 618 396 Μουσαίῳ,
639 318 684 376 καὶ
701 319 734 394 δή
752 320 797 376 καὶ
816 318 886 377 κατοὶ
899 319 935 378 τὰ

136 404 254 485 ναυήγια
276 403 315 464 τὰ,
331 404 418 482 ταύτῃ
439 405 624 484 ἐξενειχθέντα
643 405 677 465 τό
699 407 840 483 εἰρημένον
866 411 935 466 πολ-

136 497 216 552 λοῖσι
227 495 301 552 ἔτεσι
314 492 450 569 πρότερον
462 493 566 554 τούτων
579 499 607 553 ἐν
620 498 740 572 χρησμῷ
750 493 936 573 Λυσιστράτῳ

138 582 282 660 Ἀθηναίῳ,
303 579 382 657 ἀνδρὶ
401 581 600 662 χρησμολόγῳ,
621 581 654 640 τὰ
676 580 808 657 ἐλελήθεε
830 581 936 645 πάντας

136 668 200 732 τούς
208 668 361 746 Ἕλληνας·

251 767 376 815 Κωλιάδες
393 767 419 814 δὲ
434 768 543 828 γυναῖκες
560 769 680 830 ἐρετμοῖσι
696 770 817 830 φρύξουσι.

137 847 220 904 τοῦτο
233 845 263 903 δὲ
276 846 378 919 ἔμελλε
391 844 586 908 ἀπελάσαντος
597 847 737 922 βασιλέος
750 848 876 907 ἔσεσθαι.

178 933 283 1010 Ξέρξης
299 933 328 991 δέ
347 932 382 996 ὥς
400 933 484 1009 ἔμαθε
502 934 535 992 τό
548 933 663 1014 γεγονός
676 934 772 1004 πάθος,
788 935 882 998 δείσας
895 935 981 1012 μή97

137 1045 179 1083 τις
204 1025 259 1080 τῶν
282 1019 379 1080 Ἰιύνων
402 1020 540 1097 ύποθῆται
561 1025 637 1080 τοῖσι
655 1021 791 1098 Ἕλλησι,
815 1021 833 1098 ἢ
857 1023 936 1082 αὐτοὶ

137 1108 271 1184 νοήσωσι,
286 1110 382 1168 πλέειν
400 1115 426 1172 ἐς
439 1109 488 1169 τδν
501 1109 716 1185 Ἑλλήσποντον
735 1111 868 1173 λύσοντες
886 1111 935 1174 τὰς

137 1197 269 1277 γεφύρας,
284 1199 330 1256 καὶ
343 1197 541 1274 ἀπολαμφθεὶς
554 1203 582 1257 ἐν
596 1203 631 1276 τῇ
645 1197 764 1276 Εύριύπη
778 1198 937 1258 ἀπολέσθαι

138 1285 313 1356 κινδυνεύσει,
327 1285 455 1363 δρησμὸν
471 1286 613 1362 ἐβούλευε·
636 1287 724 1346 θέλων
740 1287 770 1344 δέ
787 1286 827 1362 μή
844 1287 936 1362 ἐπίδη-

138 1377 189 1436 λος
205 1375 273 1434 εἶναι
290 1374 363 1452 μήτε
379 1378 456 1433 τοῖσι
464 1373 591 1450 Ἕλλησι
608 1373 680 1451 μήτε
696 1378 772 1434 τοῖσι
786 1379 893 1442 ἑωυτοῦ,
909 1380 936 1438 ἐς

137 1461 188 1538 τήν
208 1465 355 1540 Σαλαμῖνα
372 1467 455 1542 χῶμα
476 1467 603 1540 ἐπειρᾶτο
623 1463 746 1541 διαχοῦν·
770 1462 891 1544 γαυλούς
905 1489 937 1522 τε

138 1552 308 1627 Φοινικηίους
328 1553 448 1621 συνέδεε,
471 1553 515 1610 ἵνα
537 1551 600 1610 ἅντί
618 1577 649 1610 τε
670 1551 783 1629 σχεδίης
806 1553 872 1610 ἔωσι
890 1551 936 1609 καὶ

137 1639 252 1717 τείχεος·
279 1639 392 1718 α’ρτέετό
408 1666 438 1699 τε
455 1645 482 1703 ἐς
501 1640 634 1717 πόλεμον,
657 1640 692 1704 ὦς
711 1641 866 1720 ναυμαχίην
885 1637 935 1700 ἅλ-

137 1729 192 1802 λην
207 1729 402 1806 ποιησόμενος.
431 1727 556 1806 ὁρέοντες
575 1729 606 1788 δέ
622 1755 671 1805 μιν
689 1729 789 1793 πάντες
808 1732 834 1788 οἶ
850 1727 936 1788 ἄλλοι

137 1819 226 1874 ταῦτα
245 1816 420 1892 πρήσσοντα,
437 1815 465 1876 εὖ
482 1819 630 1877 ἐπιστέατο
649 1817 684 1880 οἷς
702 1823 731 1877 ἐκ
748 1817 852 1880 παντδς
870 1816 935 1877 νόου

138 1907 366 1980 παρεσκεύασται
392 1907 480 1982 μένων
508 1905 691 1981 πολεμήσειν·
726 1905 886 1982 Μαρδόνιον
912 1905 935 1963 δ’

138 1991 215 2050 οὐδὲν
232 1993 336 2052 τούτων
352 1993 492 2062 ἐλάνθανε,
508 1993 542 2055 οἷς
558 1992 685 2068 μάλιστα
706 1994 836 2070 ἔμπειρον
856 1992 936 2051 ἐόντα
976 1994 988 2002 κ

137 2083 188 2153 τῆς
202 2081 304 2140 ἐκείνου
319 2082 447 2154 διανοίης.

178 2167 272 2226 Ταῦτά
298 2195 328 2226 τε
354 2166 414 2242 ἅμα
440 2168 545 2243 Ξέρξης
572 2169 669 2239 ἐποίεε,
697 2169 743 2224 καὶ
775 2170 880 2243 ἔπεμπε
910 2173 936 2229 ἐς
945 2169 984 2227 98

139 2255 254 2328 Πέρσας
272 2255 443 2334 ἀγγελέοντα
459 2253 510 2330 τήν
527 2251 688 2330 παρεοῦσάν
704 2261 759 2329 σφι
776 2253 936 2330 συμφορήν.

138 2341 242 2400 τούτων
268 2341 298 2400 δὲ
324 2347 378 2401 τῶν
404 2341 531 2424 α’γγέλων
553 2343 614 2401 ἐστι
636 2341 714 2416 οὐδὲν
737 2341 753 2401 ὅ
776 2368 803 2402 τι
825 2342 936 2402 θάσσον

138 2432 319 2512 παραγίνεται
337 2429 437 2507 θνητὸν
455 2430 509 2490 ἐόν·
532 2430 602 2491 ούτω
619 2434 695 2490 τοῖσι
714 2432 846 2510 Πέρσησι
863 2431 936 2502 ἐξεύ-

136 2546 220 2597 ρηται
239 2523 331 2580 τοῦτο.
373 2521 490 2601 λέγουσι
505 2519 567 2601 γὰρ,
588 2519 622 2582 ὥς
638 2517 712 2578 ὅσων
728 2517 762 2580 ἂν
779 2519 798 2599 ᾗ
813 2519 936 2598 ἡμερέων

137 2608 157 2684 ή
170 2614 250 2669 πᾶσα
263 2609 335 2680 ὁδθς,
349 2613 481 2669 τοσοῦτοι
495 2609 575 2667 ἵπποι
588 2634 619 2667 τε
632 2609 678 2666 καὶ
691 2606 786 2684 ἄνδρες
799 2608 935 2679 διεστᾶσι,

138 2698 208 2757 κατοὶ
228 2699 385 2776 ήμερησίην
408 2698 472 2757 ὁδύν
496 2696 615 2774 ἑκάστην
638 2696 722 2758 ἵππος
742 2723 773 2756 τε
797 2699 842 2756 καὶ
866 2697 935 2774 οἷνήρ

137 2789 313 2866 τεταγμένος·
346 2786 412 2849 τούς
438 2786 501 2846 ούτε
527 2786 647 2861 νιφετὸς,
676 2783 724 2844 ούκ
757 2784 880 2863 ὄμβρος,
904 2786 936 2844 ού

139 2878 239 2950 καῦμα,
259 2876 291 2934 ού
312 2875 362 2944 νύξ
381 2876 469 2956 ἐέργει
484 2875 524 2950 μή
541 2875 573 2934 οὐ
590 2873 743 2934 κατανύσαι
760 2874 809 2933 τὸν
826 2874 935 2950 προκεί-

138 2988 222 3037 μενον
236 2966 324 3042 ε’ωυτῳῗ
337 2962 440 3039 δρόμον
449 2963 500 3037 τήν
510 2963 657 3041 ταχίστην.
687 2961 703 3021 0‘
716 2964 767 3038 μὲν
780 2961 814 3036 δή
828 2964 936 3037 πρῶτος

139 3049 250 3126 δραμὼν
267 3051 415 3128 παραδιδοῖ
429 3049 464 3109 τα
484 3051 668 3126 ἐντεταλμένα
685 3054 724 3127 τῷ
741 3049 863 3125 δευτέρῳ,
877 3047 893 3105 ὁ
907 3046 936 3104 δὲ

140 3138 263 3215 δεύτερος
281 3143 319 3218 τῷ
334 3139 426 3216 τρίτῳ·
446 3136 479 3196 τύ
498 3137 528 3196 δέ
547 3139 669 3196 ἐνθεῦτεν
686 3136 739 3211 ἤδη
757 3135 826 3192 κατὰ
846 3133 937 3192 ἄλλον

140 3226 308 3306 διεξέρχεται
324 3225 537 3303 παραδιδόμενα,
552 3225 674 3300 κατάπερ
684 3223 811 3297 Ἕλλησι
828 3221 846 3297 ή
864 3225 936 3297 λαμ-

140 3316 311 3396 παδηφορίη,
335 3313 388 3392 τήν
407 3315 446 3392 τῷ
462 3310 614 3390 Ἡφαίστῳ
632 3311 814 3372 ἐπιτελέουσι.
854 3311 939 3370 τοῦτο,
