2268 3536
170 155 201 201 ιο
481 153 661 200 Ἠυοιοτοτ
920 150 967 215 [V.

121 231 298 308 9οάνιίρσια.
339 231 387 295 Ἐς
404 233 538 310 τιμωρίην
554 232 584 290 δὲ
601 230 908 308 παρασκευαζομένοισι
923 230 970 290 αὖ·

168 323 245 382 τοῖσι
276 325 306 379 ἐκ
330 321 553 397 Λακεδαιμονίων
579 325 698 400 πρῆγμα
721 318 895 400 ἐγειρόμενον
922 325 969 397 ε’μ·

170 407 268 468 πόδιον
288 409 406 490 ἐγένετο.
448 409 600 486 πυθόμενοι
623 407 680 489 γάρ
707 411 734 467 οἶ
754 406 969 484 Λακεδαιμόνιοι

167 496 202 555 τά
221 501 251 555 ἐκ
272 501 327 557 τῶν
342 495 582 574 Ἀλκμαιωνιδέων
602 502 630 559 ἐς
646 495 698 572 τήν
714 495 825 570 Πυθίην
842 521 970 575 μεμηχα·

168 585 280 661 νημένα,
305 586 351 644 καὶ
372 586 409 644 τὰ
430 592 459 644 ἐκ
485 589 536 660 τῆς
556 585 665 660 Πυθίης
686 583 732 643 ἐπὶ
756 585 849 658 σφέας
870 609 901 643 τε
923 585 969 643 καὶ

167 672 230 736 τούς
251 675 497 751 Πεισιστρατίδας,
519 673 671 749 συμφορήν
693 676 834 731 ἐποιεῦντο
855 672 969 748 διπλῆν,

113 769 114 776 ’
166 760 210 820 ὅτι
229 788 260 820 τε
280 761 380 838 ἄνδρας
400 763 503 830 ξείνους
521 769 577 838 σφι
596 761 690 824 ἐόντας
711 759 919 836 ἐξεληλάκεσαν
938 766 970 819 ἐκ

166 853 216 924 τῆς
234 851 343 908 ἐκείνων
361 851 407 908 καὶ
427 848 470 908 ὅτι
489 855 577 908 ταῦτα
597 848 737 925 ποιήσασι
754 848 835 926 χάρις
854 847 970 925 οὐδεμία

167 937 296 1011 ἐφαίνετο
313 937 383 1014 πρός
399 941 454 996 τῶν
472 937 637 1013 Ἀθηναίων·
665 938 706 996 ἔτι
724 963 756 996 τε
776 935 846 1013 πρός
862 935 968 996 τούτοι-

166 1049 198 1082 σι
225 1025 325 1104 ε’νῆγόν
347 1031 439 1101 σφεας
461 1028 487 1084 οἱ
507 1026 642 1104 χρησμοὶ,
666 1026 797 1106 λέγοντες
818 1023 915 1083 πολλά
936 1050 970 1084 τε

166 1112 212 1170 καὶ
236 1111 357 1189 ἀνάρσια
384 1114 501 1173 ἔσεσθαι
528 1112 640 1172 ου’τοῖσι
667 1115 698 1184 ἐξ
722 1111 885 1188 Ἀθηναίων·
911 1116 969 1172 τῶν

165 1199 301 1278 πρότερον
329 1204 382 1277 μὲν
409 1199 484 1276 ἦσαν
510 1200 614 1270 ἀδαέες,
644 1201 707 1261 τότε
735 1200 765 1258 δέ
793 1199 969 1276 Κλεομένεος

166 1289 334 1364 κομίσαντος
365 1295 392 1352 ἐς
420 1290 552 1366 Σπάρτην
585 1289 728 1365 ἐξέμαθον.
771 1286 910 1363 ἐκτήσατο
936 1288 967 1346 δὲ

165 1375 182 1435 ὁ
206 1379 368 1454 Κλεομένης
397 1383 428 1437 ἐκ
451 1381 502 1453 τῆς
528 1376 681 1452 Ἀθηναίων
707 1374 876 1454 ἀκροπόλιος
901 1374 967 1436 τοιλς

165 1465 319 1542 χρησμοῦς,
345 1465 410 1528 ποῦς
436 1468 549 1542 ἔκτηντο
576 1467 627 1541 μὲν
651 1464 787 1541 πρότερον
814 1465 840 1520 οἱ
868 1467 965 1520 Πεισι-

165 1553 313 1628 στρατῶαι
331 1552 541 1629 ἐξελαυνόμενοι
563 1553 592 1612 δέ
613 1554 712 1611 ἔλιπον
730 1557 759 1610 ἐν
776 1553 815 1628 τῷ
833 1552 889 1626 ἱρῷ·
918 1575 965 1606 κα-

118 1641 153 1698 91
164 1641 366 1715 ταλειφθένπας
390 1641 419 1698 δὲ
443 1640 460 1700 ὁ
483 1641 646 1717 Κλεομένης
671 1639 804 1715 α’νέλαβε.
846 1637 915 1696 Τότε
935 1637 966 1695 δὲ

165 1727 201 1790 ῶς
221 1726 364 1804 ἀνέλαβον
381 1732 406 1787 οἶ
424 1727 639 1805 λακεδαιμόνιοι
660 1728 725 1790 τούς
746 1725 899 1804 χρησμοός,
919 1726 966 1783 καὶ

164 1815 229 1878 τούς
254 1814 417 1891 Ἀθηναίους
445 1816 542 1893 έῶρεον
574 1815 741 1893 αὐξομένους
767 1815 813 1872 καὶ
840 1812 966 1888 οὐδαμῶς

168 1904 294 1980 ἑτοίμους
316 1903 409 1968 ἐόντας
432 1905 583 1964 πείθεσθαί
602 1910 665 1979 σφι,
688 1901 742 1982 νόῳ
767 1900 906 1977 λαβόντες
929 1901 964 1962 ῶς

165 1990 312 2068 ἐλεύθερον
326 1995 378 2068 μὲν
396 1991 443 2052 ἐόν
460 1992 493 2052 τό
512 1993 592 2073 γένος
611 1991 644 2051 τό
664 1990 792 2050 Ἀττικόν
813 1988 965 2065 ἰσόρροπον

163 2083 203 2158 τῷ
223 2084 329 2141 ἑωυτῶν
349 2081 463 2162 γίνοιτο,
482 2079 668 2159 κατεχόμενον
686 2079 717 2138 δὲ
731 2078 787 2138 im}
805 2077 965 2154 τυραννίδος

164 2167 279 2232 ἀσθενές
307 2170 352 2227 καὶ
379 2169 597 2248 πειθαρχέεσθαι
623 2171 743 2242 ἑτοῖμον·
772 2165 907 2243 μαθόντες
934 2165 964 2223 δὲ

165 2257 269 2317 τοότων
294 2258 408 2328 ἕκαστα,
431 2257 643 2333 μετεπέμποντο
663 2255 774 2330 Ἱππίην
795 2252 844 2313 τόν
866 2259 963 2311 Πεισι-

164 2345 288 2420 στράτου
313 2345 369 2404 οἷπὸ
395 2346 504 2425 Σιγείου
530 2347 581 2403 τοῦ
608 2348 637 2402 ἐν
659 2341 872 2420 Ἑλλησπόντῳ,
896 2347 923 2404 ἐς
946 2333 965 2400 ό

164 2432 373 2511 καταφεύγουσι
394 2435 421 2490 οἷ
445 2431 686 2508 Πεισιστρατίδαι·
715 2433 777 2489 ε’πεί
794 2455 826 2489 τε
852 2430 882 2488 δέ
908 2437 966 2506 σφε

163 2517 272 2594 Ἱππίης
297 2519 464 2594 καλεόμενος
486 2516 545 2594 ήκε,
569 2519 817 2596 μεταπεμψάμενοι
844 2519 890 2576 καὶ
909 2523 965 2577 τῶν

164 2605 258 2665 ἄλλων
277 2606 433 2684 συμμάχων
449 2606 594 2688 ἀγγέλους,
609 2607 706 2687 ἔλεγόν
720 2615 776 2683 σφι
790 2610 965 2682 Σπαρτιῆται

164 2694 240 2753 τάδε·
266 2693 389 2770 “ἄνδρες
413 2693 567 2773 σύμμαχοι,
596 2695 826 2776 συγγινώσκομεν
853 2693 965 2754 αὐτοῖσι

163 2782 231 2858 ήμῖν
255 2781 288 2840 οὔ
312 2783 452 2857 ποιήσασι
475 2783 572 2860 ὀρθῶς·
600 2784 763 2860 ἐπαρθέντες
786 2783 842 2864 γάρ
867 2781 964 2857 κιβδή-

165 2875 243 2929 λοισι
269 2872 439 2947 μαντηίοισι,
462 2870 561 2948 όνδρας
589 2872 691 2940 ξείνους
715 2873 810 2933 ἐόντας
836 2871 903 2946 ήμῖν
928 2869 965 2928 τά

163 2957 290 3036 μάλιστα
305 2959 350 3016 καὶ
363 2957 578 3034 ἀναδεκομένους
591 2958 750 3037 ὑποχειρίας
765 2960 894 3034 παρέξειν
914 2957 964 3018 τοὶς

163 3045 292 3122 Ἀθήνας,
305 3046 419 3109 τούτους
441 3051 471 3104 ἐκ
490 3050 540 3120 τῆς
558 3046 690 3122 πατρίδος
711 3047 897 3122 ἐξηλάσαμεν,
918 3045 964 3103 καὶ

166 3136 268 3204 ἔπειτα,
282 3134 451 3210 ποιήσαντες
470 3138 566 3202 ταῦτα,
582 3133 659 3212 δήμιρ
679 3133 822 3214 ἀχαρίστῳ
842 3132 964 3210 παρεδό-

110 3293 111 3296 Ὶ
164 3249 250 3299 καμεν
267 3221 320 3297 τήν
336 3221 430 3280 πόλιν
452 3221 482 3283 ὃς
499 3223 561 3279 ἐπεί
573 3247 604 3281 τε
625 3221 657 3280 δι’
671 3222 758 3298 ἡμέας
772 3221 965 3299 ἐλευθερωθεὶς

164 3308 292 3386 ἀνέκυψε,
314 3309 401 3385 ἡμέας
423 3312 475 3387 μὲν
497 3311 542 3368 καὶ
565 3309 614 3370 τόν
634 3311 761 3385 βασιλέα
781 3311 872 3386 ήμέων
889 3334 963 3385 περι·
