2276 3538
127 155 129 158 ·
192 151 239 198 ιιι
497 147 678 198 Ἢνοιοτοτ
926 148 988 212 [v1.

274 227 282 250 Ι
348 224 357 246 0
389 227 397 247 t

191 231 315 303 ταλμενα
339 231 512 307 απηγγελλε·
538 229 615 284 τοῖσι
639 227 669 285 δὲ
692 226 754 286 έαδε
779 229 831 304 μέν
858 228 990 304 βοηθέειν

189 313 374 388 Ἀθηναίοισι,
388 314 508 373 ἀδύνατα
529 313 559 372 δέ
576 320 632 390 σφι
646 313 680 389 ἦν
693 314 725 374 τό
740 316 895 391 παραυτίκα
915 318 989 376 ποιέ-

191 427 231 461 ειν
246 405 333 460 ταῦτα
352 401 384 461 οὗ
396 403 600 478 βουλομένοισι
616 402 693 462 λόειν
706 402 755 462 τόν
769 403 863 477 νόμον·
885 402 920 478 ἧν
934 404 989 485 γάρ

192 491 341 567 ἱσταμένου
361 493 411 550 τοῦ
431 491 518 567 μηνός
539 492 641 566 εἰνάτη·
664 490 756 568 εἰνάτη
770 491 800 548 δὲ
817 489 866 550 οὐκ
884 492 988 560 ε’ξελεύ-

191 580 294 638 σεσθαι
311 579 430 654 ἔφασαν,
442 578 483 654 μή
505 577 537 637 οὗ
557 578 679 654 πλήρεος
700 578 791 640 ε’όντος
811 582 861 638 τοῦ
875 577 988 638 κύκλου,

145 668 201 726 107
212 664 298 726 Οὗτοι
319 667 371 742 μέν
392 692 440 725 νυν
461 665 513 741 τήν
534 669 712 740 πανσέληνον
736 666 840 741 έμενον·
863 669 939 724 τοῖσι
960 667 988 725 δὲ

190 755 367 832 βαρβάροισι
392 755 540 833 κατηγέετο
562 753 671 827 Ἱππίης
693 752 709 812 ά
731 753 940 830 Πεισιστράτου
962 760 987 818 ές

189 842 239 901 τόν
253 843 422 916 Μαραθῶνα,
437 845 486 915 τῆς
506 844 710 918 παροιχομένης
731 840 827 902 νυκτός
840 839 905 918 ὄψιν
925 841 987 901 ἰδών

191 934 219 987 έν
237 933 276 1006 τῷ
293 927 368 1007 ὕπνῳ
386 927 503 1003 τοιήνδε·
525 926 615 987 ε’δόκεε
636 927 774 1003 όἹππίης
793 932 829 1006 τῇ
848 930 933 1006 μητρὶ
953 936 988 1008 τῇ

190 1020 291 1076 ἑωυτοῦ
311 1018 519 1092 συνευνηθῆναι·
541 1016 716 1091 συνεβάλετο
738 1015 775 1075 ὧν
797 1021 826 1074 ε’κ
848 1020 898 1074 τοῦ
919 1016 986 1076 όνεί·

190 1131 249 1182 ρου,
272 1105 413 1165 κατελθεῖν
436 1110 463 1167 ές
485 1104 535 1167 τάς
557 1103 677 1179 Ἀθήνας
702 1104 747 1162 καὶ
771 1103 987 1180 ἀνασωσάμενος

191 1192 243 1269 τήν
264 1192 360 1272 ἀρχήν,
374 1192 553 1268 τελευτήσειν
574 1198 602 1251 έν
621 1196 657 1270 τῇ
678 1195 778 1250 ἑωυτοῦ
792 1191 915 1272 γηραιός.
957 1198 986 1251 ἐκ

189 1285 241 1358 μὲν
261 1282 295 1358 δή
315 1285 365 1357 τῆς
385 1280 465 1360 ὄψιος
478 1280 653 1357 συνεβάλετο
667 1284 763 1339 ταῦτα·
784 1279 848 1339 τότε
862 1280 892 1338 δὲ
906 1307 985 1356 κατη-

189 1370 328 1450 γεόμενος,
344 1375 427 1430 τοῦτο
448 1373 499 1446 μὲν
516 1369 550 1428 τά
570 1367 728 1444 ἀνδράποδα
748 1367 783 1426 τά
800 1368 831 1437 ἐξ
845 1366 986 1446 Ἐρετρίης

190 1456 320 1533 α’πέβησε
342 1463 368 1520 ές
388 1458 439 1532 τήν
452 1461 540 1531 νῆσον
553 1455 604 1530 τήν
618 1456 750 1532 Στυρέων,
765 1457 935 1532 καλεομένην
956 1457 985 1515 δὲ

191 1547 344 1624 Αἷγίλειαν·
365 1549 447 1603 τοῦτο
463 1544 492 1602 δὲ
507 1544 695 1622 καταγομένας
716 1547 743 1605 ἐς
762 1542 812 1603 τόν
825 1544 986 1619 Μαραθῶνα

191 1631 241 1694 τάς
262 1634 324 1694 νέας
345 1631 444 1708 ὦρμιζε
466 1630 558 1699 οὕτως,
581 1630 718 1705 ἐκβάντας
740 1657 771 1689 τε
796 1636 823 1694 ἐς
845 1635 899 1712 γῆν
921 1631 985 1694 τοῖς

189 1719 356 1796 βαρβάρους
376 1719 516 1778 διέτασσε·
538 1719 586 1777 καί
598 1721 624 1777 οἱ
637 1723 724 1777 ταῦτα
738 1719 858 1778 διέποντι
879 1721 985 1793 ἐπῆλθε

189 1812 303 1884 πταρεῖν
315 1834 347 1867 τε
360 1809 405 1866 καῖ
419 1807 506 1883 βῆξαι
519 1806 638 1883 μεζόνως
651 1805 669 1882 ἢ
682 1805 717 1869 οῖς
734 1806 822 1868 ε’άθεε·
845 1806 890 1866 οἶα
911 1807 941 1866 δέ
957 1811 984 1868 οῖ

190 1897 373 1974 πρεσβυτέρῳ
395 1895 466 1955 ε’όντι
479 1899 534 1954 τῶν
547 1894 665 1954 ὀδόντων
679 1898 705 1953 οἱ
719 1899 834 1958 πλεῦνες
850 1894 983 1954 ἐσείοντο·

188 1983 291 2044 τούτων
310 1983 347 2044 ὧν
365 1984 412 2043 ἕνα
429 1987 484 2043 τοῖν
501 1981 619 2043 ὀδόντων
636 1981 772 2058 ἐκβάλλει
785 1982 839 2042 ὑπό
853 1983 920 2059 βίης
931 1983 984 2060 βή-

189 2072 248 2142 ξας·
269 2072 433 2136 ἐκπεσόντος
454 2072 483 2131 δὲ
504 2077 531 2134 ε’ς
551 2071 602 2146 τήν
624 2071 740 2148 ψάμμον
756 2070 848 2140 αὐτοῦ,
863 2071 984 2132 ἐποιέετο

189 2160 302 2238 πολλήν
322 2161 449 2237 σπουδήν
469 2161 595 2236 ἐξευρεῖν·
618 2159 652 2221 ὦς
666 2159 695 2217 δὲ
712 2157 760 2216 οὐκ
778 2159 907 2234 ἐφαίνετό
928 2160 984 2220 οἷό

188 2248 266 2318 όδών,
281 2248 468 2317 ἀναστενάξας
484 2248 544 2306 εἶπε
559 2246 629 2324 πρός
644 2246 708 2309 τούς
728 2247 918 2323 παραστάτας·
940 2247 985 2324 “ή

190 2341 227 2417 γή
244 2337 292 2412 ήδε
311 2336 361 2396 οὐκ
373 2337 493 2412 ἡμετέρη
507 2336 576 2404 ἐστὶ,
592 2334 655 2394 οὐδέ
667 2360 715 2411 μιν
729 2334 905 2411 δυνησόμεθα
917 2334 985 2396 ὕπο-

189 2426 295 2502 χειρίην
307 2423 493 2498 ποιήσασθαι·
511 2422 615 2482 ὁκόσον
625 2423 656 2481 δέ
670 2449 697 2482 τι
710 2449 759 2499 μοι
772 2423 856 2500 μέρος
868 2423 986 2500 μετῆνό

143 2515 200 2572 108
209 2511 278 2571 όδῶν
291 2509 425 2589 μετέχει.”
453 2511 563 2586 Ἱππίης
571 2513 622 2586 μὲν
632 2510 666 2586 δή
677 2510 764 2589 ταύτῃ
777 2510 829 2586 τήν
842 2508 908 2589 ὄψιν
921 2538 987 2571 συν·

189 2599 310 2674 εβάλετο
332 2599 534 2674 ἐξεληλυθέναι·
555 2597 730 2674 Ἀθηναίοισι
746 2598 775 2656 δὲ
791 2599 987 2679 τεταγμένοισι

188 2692 218 2746 έν
226 2688 333 2763 τεμένεϊ
345 2685 508 2763 Ἡρακλέος,
518 2687 642 2761 ἐπῆλθον
655 2687 823 2762 βοηθέοντες
831 2688 988 2750 Πλαταιέες

188 2775 334 2850 πανδημεί.
376 2775 421 2833 καὶ
442 2775 496 2856 γάρ
520 2783 565 2833 καὶ
586 2773 753 2834 ἐδεδοίκεσάν
775 2780 867 2848 σφεας
886 2773 988 2836 αὐτοῖς

189 2867 266 2922 τοῖσι
287 2862 462 2938 Ἀθηναίοισι
486 2867 512 2922 οἱ
536 2863 699 2931 Πλαταιέες,
725 2862 770 2920 καὶ
793 2861 894 2924 πόνους
917 2861 988 2938 άπέρ

188 2950 278 3012 αὐτῶν
298 2955 325 3011 οἱ
343 2949 487 3026 Ἀθηναῖοι
507 2948 627 3028 συχνοῦς
641 2949 694 3024 ἤδη
710 2948 865 3024 άναιρέατο·
887 2949 988 3008 ἔδοσαν

189 3039 218 3098 δὲ
235 3038 295 3098 ὦδε·
316 3037 487 3114 πιεζεύμενοι
504 3037 560 3096 find
573 3037 706 3111 Θηβαίων
724 3039 751 3094 οἱ
765 3037 921 3098 Πλαταιέες
936 3035 987 3095 ἐδί-

189 3127 276 3186 δοσαν
294 3130 389 3202 πρῶτα
407 3125 603 3202 παρατυχοῦσι
617 3121 773 3198 Κλεομένεΐ
791 3147 822 3179 τε
838 3126 876 3199 τηΛ
890 3121 988 3190 Ἀναξ-

189 3214 318 3288 ανδρίδεω
336 3213 382 3270 καὶ
402 3210 645 3285 Λακεδαιμονίοισι
667 3210 759 3282 σφέας
780 3207 888 3270 αὐτούς·
911 3212 937 3267 οῖ
958 3208 989 3266 δὲ

189 3299 221 3358 οὗ
235 3300 377 3375 δεκόμενοι
390 3297 487 3377 ἔλεγόν
499 3304 556 3367 σφι
568 3295 643 3353 τάδε·
664 3306 682 3330 “
690 3295 770 3370 ἡμεῖς
782 3296 834 3369 μὲν
847 3295 989 3370 ἑκαστέρω
