2262 3534
165 163 269 228 12-16]
466 163 655 214 κιιιιοιιιι.
916 169 962 219 ιιι

162 241 281 323 ἀγγελίη
294 245 330 308 ώς
342 243 424 309 άλέες
443 246 541 321 εἴησαν
560 250 586 304 οἶ
601 245 748 322 Ἕλληνες
757 251 786 308 ἐν
798 251 837 327 τῷ
847 246 963 328 Ἰσθμῷ·

163 329 232 389 οὕτω
259 331 292 406 δὴ
320 332 411 392 ὀπίσω
439 333 585 410 ἐπορεύετο
610 334 655 392 διά
677 335 824 411 Δεκελέης·
859 339 886 395 οἷ
908 336 963 416 γάρ

161 420 336 498 βοιωτάρχαι
366 424 580 500 μετεπέμψαντο
609 423 674 486 τούς
701 423 884 502 προσχώρους
908 429 963 484 τῶν

161 505 317 568 Ἀσωπίων·
339 507 416 568 οὗτοι
430 511 459 569 δὲ
472 509 545 590 αύτῷ
557 510 610 586 την
623 510 689 571 ὁδόν
702 509 819 592 ἡγέοντο
833 516 860 574 ἐς
874 514 963 586 Σφεν-

162 595 272 658 δαλέας·
302 599 425 657 ἐνθεῦτεν
447 598 477 656 δὲ
499 603 526 661 ἐς
549 599 704 679 Τανάγρην·
734 604 762 659 ἐν
784 598 912 679 Τανάγρῃ
934 600 964 658 δὲ

162 681 246 742 νύκτα
267 685 491 762 ἐναυλισάμενος,
517 688 562 744 καὶ
583 686 755 762 τραπόμενος
775 690 811 764 τῇ
830 685 964 765 ύστεραίῃ

162 774 190 832 ἐς
205 772 329 842 Σκῶλον,
352 778 380 832 ἐν
400 777 438 854 γῇ
454 778 489 852 τῇ
507 775 639 849 Θηβαίων
655 773 699 849 ἦν·
721 775 839 834 ἐνθαῦτα
860 775 889 833 δὲ
909 779 964 835 τῶν

161 861 294 936 Θηβαίων
308 862 405 938 καίπερ
419 861 587 938 μηδιζόντων
601 864 686 938 ἔκειρε
699 860 763 924 τούς
775 861 888 940 χώρους,
904 861 964 922 οὔτι

162 947 232 1008 κατά
258 950 340 1028 ἔχθος
367 949 463 1020 αὐτῶν,
494 948 559 1008 ἀλλ’
585 949 631 1008 ὕπ’
658 948 809 1031 α’ναγκαίης
837 951 963 1031 μεγάλης

162 1035 303 1114 ἐχόμενος.
343 1037 519 1114 βουλόμενος
540 1036 626 1114 ἔρυμά
645 1063 677 1097 τε
696 1042 735 1117 τῷ
754 1043 865 1116 στρατῴ
885 1038 963 1114 τοιή-

162 1124 279 1196 σασθαι,
294 1125 339 1182 καὶ
351 1123 385 1199 ἢν
404 1123 585 1201 συμβαλόντι
599 1128 626 1184 οἱ
643 1125 683 1201 μὴ
700 1126 817 1202 ἐκβαίνῃ
831 1125 923 1184 ὁκοῖόν
935 1151 963 1184 τι

164 1210 263 1280 ἐθέλοι,
291 1212 487 1294 κρησφύγετον
513 1218 596 1272 τοῦτο
627 1215 758 1272 ἐποιέετο.
800 1217 907 1288 παρῆκε
934 1213 964 1272 δέ

164 1297 248 1356 αὐτοῦ
271 1299 304 1358 τό
331 1299 520 1375 στρατόπεδον
545 1299 700 1376 ἀρξάμενον
726 1298 783 1359 άπὸ
810 1298 964 1376 Ἐρυθρέων

163 1386 239 1462 παρὰ
258 1386 365 1449 Ὑσιάς·
395 1389 531 1446 κατέτεινε
551 1387 580 1446 δὲ
601 1393 628 1451 ἐς
647 1387 699 1462 τὴν
720 1387 880 1446 Πλαταιΐδα
899 1392 962 1467 γῆν,

163 1473 239 1550 παρά
258 1475 307 1533 τόν
327 1473 458 1534 Ἀσωπόν
477 1473 605 1550 ποταμόν
624 1476 801 1555 τεταγμένον·
823 1473 855 1533 οὐ
868 1476 962 1550 μέντοι

162 1560 196 1620 τό
215 1587 248 1642 γε
267 1565 359 1640 τεῖχος
379 1566 515 1622 τοσοῦτον
536 1563 667 1632 ἐποιέετο,
689 1560 754 1620 ἀλλ’
776 1561 811 1624 ώς
831 1563 877 1620 ἐπὶ
898 1562 963 1622 δέκα

163 1650 291 1712 σταδίους
303 1649 431 1725 μάλιστά
445 1677 480 1726 κη
493 1651 621 1727 μέτωπον
636 1650 760 1710 ἕκαστον.

203 1735 339 1815 Ἐχόντων
366 1738 395 1797 δὲ
422 1739 470 1797 τόν
490 1737 576 1798 πόνον
596 1741 694 1798 τοῦτον
715 1741 769 1797 τῶν
796 1737 1010 1815 βαρβάρων,16

162 1825 322 1905 Ἀτταγῖνος
342 1824 358 1884 ό
379 1824 528 1901 Φρύνωνος,
543 1825 612 1902 ἀνὴρ
634 1828 769 1901 Θηβαῖος,
786 1850 962 1902 παρασκευα-
1000 1825 1004 1876 f

162 1911 283 1989 σάμενος
301 1913 437 1992 μεγάλως,
453 1912 549 1972 ἐκάλεε
569 1914 615 1972 ἐπὶ
636 1914 720 1982 ξείνια
740 1912 824 1973 αὐτόν
836 1931 870 1971 τε
883 1919 962 1990 Μαρ·
1029 1977 1036 1989 ⁴

162 1999 253 2059 δόνιον
266 2000 313 2057 καὶ
325 1999 496 2074 πεντήκοντα
514 2001 647 2076 Περσέων
665 2001 729 2062 τούς
746 1999 962 2080 λογιμωτάτους·

162 2088 309 2162 κληθέντες
327 2087 356 2146 δὲ
372 2084 449 2146 οὗτοι
465 2088 574 2146 ἕποντο·
595 2087 630 2161 ἦν
648 2087 677 2146 δὲ
697 2086 729 2146 τό
749 2088 858 2147 δεῖπνον
871 2088 963 2147 ποιεύ-

160 2199 245 2249 μενον
265 2180 294 2234 ἐν
312 2175 438 2253 Θήβῃσι.
481 2174 516 2232 ταὶ
533 2176 562 2233 δὲ
582 2175 635 2250 ἤδη
656 2175 691 2235 τά
711 2176 843 2234 ἐπίλοιπα
861 2176 963 2251 ἢκουον

162 2261 347 2338 Θερσάνδρου,
362 2261 460 2338 ἀνδρός
477 2265 529 2338 μὲν
548 2261 740 2341 Ὀρχομενίου,
760 2265 879 2344 λογίμου
892 2265 922 2322 δὲ
936 2270 963 2327 ἐς

161 2347 196 2409 τά
209 2351 306 2425 πρώτα
319 2353 348 2408 ἐν
365 2347 534 2428 Ὀρχομενῷ·
557 2351 611 2426 ἔφη
629 2351 659 2409 δέ
675 2350 690 2410 ό
707 2351 882 2427 Θέρσανδρος
896 2358 963 2429 κλη·

162 2438 244 2513 θῆναι
258 2438 303 2496 καὶ
313 2436 395 2499 αύτδς
405 2435 459 2496 ύπό
469 2436 634 2518 Ἀτταγίνου
645 2439 690 2498 ἐπὶ
700 2439 732 2498 τό
747 2439 855 2498 δεῖπνον
868 2445 960 2500 τοῦτο·

161 2525 298 2600 κληθῆναι
320 2525 349 2584 δὲ
371 2525 417 2583 καὶ
435 2526 568 2601 Θηβαίων
589 2525 688 2603 ἄνδρας
705 2526 884 2602 πεντήκοντα·
916 2529 965 2588 καί

161 2619 258 2687 σφεων
267 2611 299 2672 ού
308 2614 392 2691 χωρὶς
402 2614 546 2690 ἑκατέρους
555 2618 655 2684 κλῖναι,
664 2614 741 2675 ἀλλά
751 2616 867 2693 Πέρσην
877 2643 907 2676 τε
917 2618 962 2675 καὶ

161 2701 290 2776 Θηβαῖον
304 2707 331 2762 ἐν
346 2701 426 2779 κλίνῃ
440 2701 553 2781 ἐκάστῃ·
588 2702 623 2766 ώς
636 2702 665 2762 δὲ
679 2701 735 2763 άπὸ
753 2703 865 2764 δείπνου
878 2703 961 2779 ἦσαν,

161 2786 347 2858 διαπινόντων,
368 2789 418 2849 τόν
439 2790 556 2866 Πέρσην
581 2793 630 2851 τόν
657 2790 814 2868 ὁμόκλινον,
835 2791 962 2850 Ἑλλάδα

160 2879 299 2953 γλῶσσαν
333 2877 415 2944 ἱέντα,
443 2879 568 2954 εἴρεσθαι
598 2877 683 2938 αὐτόν
712 2878 852 2942 ὁποδαπός
882 2884 960 2947 ἐστι;

161 2960 244 3025 αύτάς
264 2963 293 3022 δέ
312 2962 516 3040 ύποκρίνασθαι
536 2965 571 3028 ώς
587 2968 629 3042 εἴη
646 2966 838 3045 Ὀρχομένιος·
865 2965 915 3024 τόν
932 2964 963 3024 δέ

162 3053 257 3109 εἰπεῖν·
273 3061 290 3085 “
298 3052 357 3110 ἐπεὶ
367 3054 416 3111 νῦν
429 3051 618 3130 ὁμοτράπεζός
627 3055 659 3113 τέ
671 3080 720 3130 μοι
731 3055 776 3111 καὶ
787 3053 963 3128 ὁμόσπονδος

162 3138 264 3218 ἐγένεο,
278 3139 444 3217 μνημόσυνά
463 3167 507 3200 τοι
527 3141 637 3221 γνώμης
656 3145 706 3216 τῆς
726 3145 794 3217 ε’μῆς
815 3141 962 3198 καταλιπέ-

154 3226 231 3285 σθαι
252 3226 333 3296 θέλω,
359 3227 403 3287 ἵνα
424 3229 469 3286 καὶ
490 3229 623 3304 προειδώς
644 3227 725 3291 αὐτός
751 3228 814 3304 περὶ
842 3231 963 3287 σεωυτοῦ

161 3313 353 3390 βουλεύεσθαι
379 3316 444 3396 ἔχῃς
470 3316 505 3376 ταὶ
528 3316 718 3394 συμφέροντα·
759 3312 826 3395 ὁρᾷς
851 3313 965 3379 τούτους
