2276 3538
149 168 226 234 ι-ι]
459 167 645 216 ποιτιιυιι.
911 172 952 220 ιιι

146 246 234 307 αὐτοῦ
254 246 374 324 σεμνούς
393 246 504 328 λόγους,
528 247 660 328 κατέλεγε
680 253 900 328 τῶνχρησμῶν·
926 253 951 308 εἰ

146 335 201 412 μέν
220 362 248 395 τι
268 334 339 395 ἐνέοι
355 335 480 411 σφάλμα
502 336 589 413 φέρον
607 340 645 413 τῷ
665 337 813 415 βαρβάρῳ,
832 341 887 396 τῶν
901 341 954 413 μὲν

148 425 228 504 ἔλεγε
256 422 344 483 οὐδέν·
379 424 395 484 ό
423 425 453 483 δὲ
479 425 520 492 τό
544 423 735 501 εὐτυχέστατα
763 424 952 504 ἐκλεγόμενος,

149 514 229 592 ἔλεγε
247 510 297 571 τόν
315 539 346 571 τε
359 512 585 588 Ἑλλήσποντον,
601 511 636 573 ὦς
651 513 798 590 ζευχθῆναι
812 512 898 590 χρεόν
913 515 955 589 εἴη

149 599 194 658 ὑπ’
203 599 302 677 ἀνδρός
313 600 440 677 Πέρσεω,
449 601 501 676 τήν
514 627 545 660 τε
556 603 654 659 ἔλασιν
666 599 855 680 ἐξηγεόμενος.
876 598 956 664 οὗτός

148 714 180 747 τε
200 688 234 764 δή
259 688 448 768 χρησμῳδέων
466 689 667 767 προσεφέρετο,
691 687 785 746 καὶαῖ
805 714 835 747 τε
858 694 956 747 Πεισι·

149 776 297 852 στρατιδαι
311 778 356 836 καὶ
371 780 397 836 οἱ
409 776 558 836 Ἀλευάδαι
572 776 684 858 γνώμας
698 776 931 853 ἀποδεικνύμενοι.

189 865 238 928 Ὡς
261 865 290 925 δὲ
308 865 470 947 ἀνεγνώσθη
489 867 594 943 Ξέρξης
612 866 823 942 στρατεύεσθαι
839 866 892 942 ἐπὶΔ
903 867 986 942 τήνῖ

149 951 287 1024 Ἑλλάδα,
299 955 418 1015 ἐνθαῦτα
432 955 547 1033 δευτέρῳ
557 958 608 1031 μὲν
621 955 675 1013 ἔτεϊ
688 955 760 1030 μετὰ
773 955 822 1015 τόν
837 955 956 1015 θάνατον

151 1040 200 1100 τόν
224 1043 352 1119 Δαρείου,
377 1047 473 1120 πρῶτα
498 1044 651 1119 στρατηίην
675 1045 799 1102 ποιέεται
823 1044 869 1102 ἐπὶ
891 1043 956 1106 τούς

152 1127 339 1192 ἀπεστεῶτας.
374 1131 488 1195 τούτους
501 1131 553 1208 μέν
567 1157 614 1190 νυν
628 1131 899 1208 καταστρεψόμενος,
909 1132 956 1190 καὶ

152 1218 295 1298 Αἴγυπτον
312 1223 409 1279 πᾶσαν
429 1219 540 1278 πολλόν
560 1219 729 1294 δουλοτέρην
742 1218 864 1294 ποιήσας
877 1217 895 1294 ἢ
909 1218 955 1278 ἐπὶ

151 1306 273 1381 Δαρείου
293 1306 334 1382 ἦν,
349 1309 489 1385 ἐπιτρέπει
502 1308 670 1386 Ἀχαιμένεϊ,
685 1306 814 1386 ἀδελφεῷ
826 1310 878 1382 μὲν
892 1311 954 1365 έωυ-

150 1398 201 1453 τοῦ
214 1396 333 1471 Δαρείου
352 1397 382 1454 δὲ
400 1397 488 1455 παιδί.
529 1396 697 1475 Ἀχαιμένεα
717 1396 769 1472 μέν
785 1421 832 1454 νυν
845 1401 953 1471 ἐπιτρο-

151 1482 271 1542 πεύοντα
289 1484 431 1564 Αἰγύπτου
450 1485 541 1564 χρόνῳ
561 1485 710 1561 μετέπειτα
728 1483 864 1560 ἐφόνευσε
884 1483 954 1553 Ἰνό-Ι
1010 1539 1013 1548 ,

151 1597 204 1645 ρως
224 1571 239 1630 ό
261 1574 447 1651 Ψαμμιτίχου,
470 1573 540 1650 ἀνὴρ
560 1573 662 1648 Λίβυς.
705 1573 811 1649 Ξέρξης
833 1572 862 1632 δὲ
882 1571 987 1650 μετᾶδ

152 1658 294 1740 Αἰγύπτου
314 1659 429 1734 ἅλωσιν,
445 1661 480 1724 ώς
497 1663 598 1736 ἔμελλε
620 1666 647 1724 ἐς
666 1665 761 1740 χεῖρας
782 1659 900 1730 ἄξεσθαι
919 1661 953 1721 τό

152 1746 312 1824 στράτευμα
325 1747 357 1807 τό
372 1749 417 1806 ἐπὶ
430 1748 480 1812 τοὶς
492 1748 619 1824 Ἀθήνας,
635 1748 781 1830 σύλλογον
803 1750 954 1825 ἐπίκλητον

153 1837 285 1911 Περσέων
304 1839 359 1896 τῶν
379 1835 500 1912 α’ρίστων
521 1839 651 1906 ἐποιέετο,
667 1838 711 1896 ἵνα
731 1837 843 1918 γνώμας
858 1863 889 1896 τε
902 1837 953 1896 πύ-

152 1925 234 1998 θηται
247 1925 343 1998 σφέων
356 1926 402 1982 καὶ
415 1924 498 1988 αὐτός
510 1930 539 1984 ἐν
552 1929 625 1984 πᾶσι
639 1926 701 2003 εἴπῃ
715 1925 750 1984 τό
765 1927 852 1985 θέλει·
875 1925 910 1988 ὦς
924 1925 953 1984 δέ

151 2012 372 2089 συνελέχθησαν,
387 2013 463 2081 ἔλεξε
477 2013 583 2089 Ξέρξης
597 2013 672 2072 τάδε·
695 2025 712 2048 “
721 2012 817 2090 ἅνδρες
830 2015 951 2090 Πέρσαι,

152 2097 207 2158 οὔτ’
221 2099 302 2162 αύτὸς
323 2100 519 2180 κατηγήσομαι
539 2101 625 2177 νόμον
645 2100 724 2160 τόνδε
738 2106 766 2159 ἐν
780 2100 846 2176 ύμῖν
859 2101 952 2169 τιθεὶς,

152 2186 374 2263 παραδεξάμενός
390 2213 420 2246 τε
439 2187 512 2266 αύτῷ
525 2187 680 2266 χρήσομαι·
702 2187 737 2250 ὦς
751 2189 805 2268 γὰρ
821 2187 874 2268 ἐγώ
888 2213 953 2247 πυν-

152 2272 270 2348 θάνομαι
284 2279 339 2334 τῶν
351 2276 557 2352 πρεσβυτέρων,
572 2274 680 2351 ούδαμό
695 2302 732 2334 κω
746 2275 953 2352 ἠτρεμήσαμεν,

152 2362 214 2419 ε’πεί
236 2388 268 2421 τε
295 2363 496 2440 παρελάβομεν
519 2363 571 2438 τὴν
596 2361 747 2442 ήγεμανίην
773 2363 854 2439 τήνδε
877 2364 953 2441 παρὰ
997 2436 1000 2441 ¹

152 2447 257 2524 Μήδων
271 2450 366 2527 Κύρου
387 2451 553 2514 κατελόντος
565 2450 734 2533 Ἀστυάγεα·
757 2451 834 2512 α’λλᾶ
848 2453 910 2515 θεός
923 2479 954 2512 τε

152 2529 222 2596 οὕτω
240 2537 309 2618 ἄγει,
326 2539 371 2597 καὶ
390 2539 500 2600 αὐτοῖσι
521 2539 589 2616 ήμῖν
609 2541 706 2600 πολλὰ
727 2542 863 2602 ἐπέπουσι
881 2568 951 2618 συμ-

152 2624 266 2701 φέρεται
284 2627 330 2685 ἐπὶ
350 2627 382 2687 τό
403 2626 522 2703 ἄμεινον.
565 2628 600 2687 τό
613 2630 665 2704 μέν
680 2655 727 2689 νυν
742 2630 835 2706 Κῦρός
855 2657 886 2689 τε
906 2631 951 2688 καὶ

153 2714 314 2790 Καμβύσης
337 2715 430 2793 πατήρ
453 2742 484 2775 τε
508 2716 575 2793 ἐμός
598 2721 716 2793 Δαρεῖος
743 2719 952 2799 κατεργάσαντο

151 2801 198 2858 καὶ
216 2803 447 2878 προσεκτήσαντο
466 2805 552 2874 ἔθνεα,
567 2807 780 2882 ἐπισταμένοισι
803 2805 831 2866 εὖ
851 2807 900 2866 οὐκ
918 2806 952 2866 όν

149 2913 192 2951 τις
212 2891 301 2971 λέγοι·
327 2892 380 2972 ἐγώ
402 2892 431 2952 δὲ
454 2895 515 2952 ἐπεί
533 2919 564 2954 τε
585 2894 751 2970 παρέλαβον
772 2895 821 2955 τόν
844 2894 951 2970 θρόνον,

149 2980 233 3048 τοῦτο
255 2979 425 3056 ἐφρόντιζον,
439 2979 508 3044 ὅκως
527 2982 567 3059 μή
588 2981 724 3059 λείψομαι
742 2987 796 3042 τῶν
814 2982 950 3058 πρότερον

149 3068 304 3143 γενομένων
316 3073 346 3127 ἐν
358 3073 426 3147 τιμῇ
439 3069 513 3146 τῇδε,
524 3070 594 3146 μηδὲ
606 3069 721 3128 ἐλόσσω
734 3068 952 3146 προσκτήσομαι

150 3151 265 3228 δύναμιν
279 3157 421 3234 Πέρσησι.
463 3159 615 3234 φροντίζων
637 3158 666 3215 δὲ
685 3157 802 3232 εὑρίσκω
823 3154 881 3231 ἅμα
901 3158 953 3231 μὲν

150 3240 231 3303 κῦδος
254 3242 322 3320 ἡμῖν
345 3269 376 3302 τε
403 3245 632 3325 προσγινόμενον,
657 3246 750 3323 χώρην
773 3269 804 3302 τε
828 3247 878 3318 τῆς
903 3247 951 3304 νῦν

151 3327 290 3406 ἐκτήμεθα
311 3330 361 3390 αύκ
382 3330 527 3393 ε’λόσσονα
545 3332 608 3392 οὐδὲ
622 3333 823 3407 φλαυροτέρην,
837 3337 951 3403 παμφο-
