2268 3536
181 141 212 185 ιι
486 133 669 182 ἩΡοΔοπου
933 133 969 198 [ν

176 215 247 275 κατιί
261 215 297 274 τὰ
312 215 484 290 συνεθήκατο
498 217 535 291 τῷ
549 213 716 291 ὑπασπιστῇ
729 216 805 274 παίει
818 215 980 290 προσφερό-

174 331 259 382 μενον
287 303 369 362 αὐτόν
394 302 442 362 τόν
465 302 625 378 Ἀρτύβιον·
659 302 847 376 ἐπιβαλόντος
876 303 904 360 δὲ
932 306 980 362 τοῦ

175 394 261 452 ἵππου
271 391 334 454 τοῦς
346 392 432 453 πόδας
447 391 491 448 ἐπὶ
504 391 555 463 την
568 389 722 465 Ὀνησίλου
734 389 849 459 ἀσπίδα,
864 394 981 449 ἐνθαῦτα

174 482 190 542 ό
211 483 274 558 Κᾶρ
296 481 417 560 δρεπάνῳ
439 481 549 554 πλήξας
565 479 726 555 ἀπαράσσει
745 484 794 537 τοῦ
815 480 900 537 ἵππου
918 481 980 542 τοῦς

173 570 268 632 πόδας.
298 569 447 646 Ἀρτύβιος
461 571 511 644 μὲν
526 569 559 643 δὴ
574 567 589 626 ό
603 570 760 649 στρατηγός
773 574 827 628 τῶν
844 571 979 646 Περσέων

128 661 184 718 113
194 659 264 735 ὁμοῦ
277 665 314 737 τῷ
326 659 399 738 ἵππῳ
409 660 505 717 πίπτει
522 657 605 716 αὐτοῦ
619 657 713 736 ταύτῃ.
757 660 935 738 Μαχομένων
950 661 979 718 δὲ

173 749 218 806 καὶ
239 753 292 806 τῶν
313 747 416 818 ἄλλων,
439 748 599 824 Στησήνωρ,
620 746 752 823 τύραννος
774 747 823 806 ἐών
847 755 977 825 Κουρίου,

172 838 300 912 προδιδοῖ
307 839 376 914 ἔχων
384 835 498 913 δύναμιν
507 835 612 912 ἀνδρῶν
621 835 685 909 περὶ
694 836 793 895 ἐωυτὸν
803 837 834 894 ού
845 839 977 913 σμικρήν

173 927 212 1002 (οἱ
220 925 249 983 δὲ
258 926 388 1002 Κουριέες
397 923 472 984 οῦτοι
481 925 611 1005 λέγονται
623 924 691 983 εἶναι
701 923 834 1006 Ἀργείων
843 924 977 1007 ἄποικον)

172 1013 329 1088 προδόντων
348 1013 377 1072 δέ
392 1017 447 1073 τῶν
467 1011 615 1089 Κουριέων,
631 1009 729 1071 αὐτίκα
743 1013 788 1071 καὶ
801 1012 837 1070 τοὶ
852 1015 977 1090 Σαλαμι-

172 1101 235 1160 νίων
255 1101 463 1178 πολεμιστήρια
484 1099 595 1178 ἅρματα
614 1101 702 1160 τώυτό
726 1104 803 1160 τοῖσι
825 1107 976 1178 Κουριεῦσι

175 1191 273 1248 ἐποίεε·
294 1190 445 1270 γινομένων
461 1189 491 1248 δέ
508 1188 620 1258 τούτων,
638 1190 835 1266 κατυπέρτεροι
855 1189 929 1266 ἦσαν
950 1196 976 1250 οἱ

172 1278 283 1354 Πέρσαι
295 1282 350 1336 τῶν
364 1278 505 1353 Κυπρίων.
547 1277 736 1354 τετραμμένου
751 1277 780 1336 δὲ
793 1283 843 1336 τοῦ
857 1305 973 1356 στρατο-

171 1366 264 1435 πέδου,
279 1365 364 1425 ἅλλοι
377 1391 408 1424 τε
423 1367 524 1425 ἐπεσον
537 1366 643 1424 πολλοὶ
657 1365 702 1422 καὶ
743 1365 750 1386 “
765 1367 810 1424 καὶ
823 1365 975 1441 Ὀνήσιλός

171 1479 202 1512 τε
216 1453 231 1512 ό
245 1456 374 1530 Χέρσιος,
386 1453 475 1530 ὅσπερ
486 1453 538 1529 τήν
551 1453 683 1530 Κυπρίων
693 1452 854 1528 ἀπόστασιν
865 1455 973 1530 ἔπρηξε,

172 1542 217 1598 καὶ
232 1542 247 1600 ό
262 1543 370 1605 Σολίων
380 1541 519 1616 βασιλεῦς
528 1540 749 1618 Ἀριστόκυπρος
760 1540 775 1600 ὁ
786 1541 972 1618 Φιλοκύπρου,

171 1629 360 1706 (Φιλοκύπρου
388 1627 417 1686 δέ
442 1628 551 1698 τούτου,
577 1628 626 1688 τόν
654 1627 751 1692 Σόλων
785 1628 800 1687 ό
827 1627 974 1706 Ἀθηναῖος

171 1716 337 1794 ἀπικόμενος
362 1722 389 1780 ἐς
413 1716 530 1794 Κύπρον
558 1722 586 1776 ἐν
614 1719 693 1776 ἔπεσι
720 1717 814 1777 αἴνεσε
837 1718 974 1795 τυράννων

125 1808 181 1865 114
190 1805 340 1884 μάλιστα.)
343 1804 505 1902 [γΟνησίλου
512 1807 564 1881 μέν
574 1832 621 1865 νυν
631 1805 873 1882 Ἀμαθοῦσιοι,ὅτι
882 1809 974 1884 σφέας

96 1915 104 1922 “
171 1893 364 1970 ἐπολιόρκησε,
379 1892 570 1969 ἀποταμόντες
586 1893 637 1968 τὴν
654 1894 781 1970 κεφαλήν
798 1894 932 1970 ἐκόμισαν
946 1901 973 1958 ἐς

169 1981 354 2058 Ἀμαθοῦντα,
369 1982 416 2041 καί
427 2008 475 2058 μιν
492 1981 685 2058 ἀνεκρέμασαν
702 1982 772 2059 ύπέρ
785 1987 839 2042 τῶν
853 1985 971 2044 πυλέων·

171 2072 342 2148 κρεμαμένης
363 2071 392 2130 δὲ
411 2074 461 2145 τῆς
478 2073 604 2144 κεφαλῆς
621 2071 666 2128 καὶ
682 2070 734 2146 ἤδη
752 2072 852 2147 ἐούσης
868 2073 970 2146 κοίλης,

170 2159 257 2236 ἐσμός
280 2159 441 2236 μελισσέων
465 2158 546 2221 ἐσδῦς
570 2163 597 2220 ἐς
618 2158 712 2235 αὐτὴν,
736 2159 835 2234 κηρίων
855 2187 904 2235 μιν
931 2166 970 2218 ἐν·

170 2249 286 2324 έπλησε·
306 2247 406 2307 τούτου
420 2248 448 2306 δὲ
461 2248 610 2326 γενομένου
624 2247 757 2316 τοιούτου,
773 2248 906 2324 ἐχρέωντο
915 2247 970 2328 γοὶρ

169 2338 232 2412 περὶ
253 2336 337 2410 αὐτῆς
354 2339 380 2394 οἱ
397 2334 591 2410 Ἀμαθούσιοι,
611 2333 764 2410 ἐμαντεύθη
782 2341 837 2410 σφι
855 2335 907 2410 τὴν
919 2339 971 2412 μὲν

170 2424 297 2497 κεφαλήν
319 2422 485 2484 κατελόντας
507 2421 603 2498 θάψαι,
624 2421 767 2502 Ὀνησίλῳ
789 2422 818 2481 δὲ
841 2423 914 2483 θύειν
935 2424 971 2488 (ῦς

169 2509 237 2586 ἥρωϊ
255 2509 306 2568 οἶνᾶ
323 2513 380 2567 πᾶν
398 2509 466 2571 ἔτος.
489 2511 538 2566 καί
554 2516 609 2584 σφι
627 2515 738 2569 ποιεῦσι
757 2515 844 2570 ταῦτα
858 2511 970 2587 ἄμεινον

169 2599 364 2657 συνοίσεσθαι.
405 2594 589 2671 Ἀμαθούσιοι
609 2599 661 2672 μέν
681 2625 728 2656 νυν
752 2600 860 2658 ἐποίευν
883 2605 970 2660 ταῦτα

124 2689 181 2744 115
190 2686 236 2743 καὶ
248 2684 281 2744 τό
294 2685 377 2762 μέχρι
392 2689 466 2760 ἐμεῦ.
491 2681 583 2746 Ἴωνες
594 2685 623 2742 δὲ
634 2689 660 2744 οἱ
672 2691 700 2744 ἐν
711 2686 817 2764 Κύπρῳ
829 2689 969 2766 ναυμαχή-

169 2799 276 2844 σαντες,
296 2774 400 2831 ἐπείτε
419 2773 522 2848 ἔμαθον
540 2773 574 2832 τῦ
594 2773 746 2854 πρήγματα
762 2774 797 2832 τὰ
816 2773 970 2850 Ὀνησιλου

170 2863 358 2939 διεφθαρμένα
373 2863 418 2920 καὶ
427 2861 477 2924 τοὶς
488 2862 589 2924 πόλιας
599 2867 654 2922 τῶν
665 2864 797 2939 Κυπρίων
808 2870 969 2940 πολιορκευ-

168 2953 253 3029 μένας
270 2951 320 3013 τὰς
333 2949 423 3013 ἄλλος
436 2951 513 3026 πλὴν
528 2953 695 3028 Σαλαμῖνος,
713 2952 815 3028 ταύτην
829 2952 858 3010 δέ
872 2953 969 3034 Γόργῳ

168 3045 207 3121 τῷ
224 3042 348 3118 προτέρῳ
365 3041 485 3114 βασιλέϊ
500 3040 564 3102 τοῦς
581 3041 766 3115 Σαλαμινίους
786 3041 968 3118 παραδόντας,

169 3131 266 3188 αὐτίκα
286 3128 421 3205 μαθόντες
441 3132 467 3186 οἱ
483 3127 575 3190 Ἴωνες
595 3133 681 3186 ταῦτα
702 3127 851 3188 ἀπέπλωον
872 3135 899 3190 ἐς
918 3129 970 3202 τήν

673 3217 681 3237 Ι
740 3215 747 3234 ἱ
788 3218 795 3238 Ι
914 3215 921 3234 Ι

169 3217 282 3292 Ἰωνίην.
324 3219 378 3275 τῶν
395 3217 424 3274 δὲ
441 3223 469 3275 ἐν
486 3217 591 3294 Κύπρῳ
610 3219 716 3275 πολιων
730 3241 849 3292 αντεσχε
867 3241 969 3291 χρονον

171 3306 216 3364 ἐπὶ
233 3309 370 3363 πλεῖστον
388 3304 609 3380 πολιορκευμένη
626 3303 723 3366 Σόλοι·
744 3303 796 3378 τήν
809 3303 890 3377 πέριέ
902 3300 969 3358 ύπο-
