2276 3538
129 150 236 210 92-97]
482 148 595 198 ανιυο.
898 149 928 196 οι

127 231 182 306 γῆν
194 253 224 286 τε
238 227 284 286 καὶ
297 227 379 306 ὕδωρ.
420 227 582 306 Μαρδόνιον
599 229 650 304 μέν
664 226 698 303 δή
713 227 845 304 φλαύροις
857 225 927 303 πρή-

128 315 213 383 ξαντα
233 321 271 394 τῷ
291 316 385 396 στόλῳ
399 315 537 393 παραλύει
557 320 607 390 τῆς
620 315 798 395 στρατηγίης·
820 314 927 378 ἅλλους

128 402 157 460 δὲ
178 404 353 484 στρατηγοῦς
366 404 502 473 ἀποδέξας
515 403 665 462 ἀπέστειλε
682 403 730 462 ἐπί
740 428 771 460 τε
784 401 927 479 Ἐρέτριαν

128 491 174 548 καὶ
188 490 316 566 Ἀθήνας,
331 491 419 550 Δᾶτίν
439 517 470 550 τε
485 491 567 550 ἐόντα
580 490 679 566 Μῆδον
699 491 786 571 γένος,
801 490 847 548 καὶ
862 489 925 567 Ἀρ-

126 579 267 654 ταφέρνεα
287 579 336 638 τόν
352 579 556 656 Ἀρταφέρνεος
576 579 662 638 παῖδα
683 577 849 653 ἀδελφιδέον
865 581 927 636 ἑωυ-

126 670 186 724 τοῦ·
211 666 400 742 ἐντειλάμενος
421 667 450 726 δὲ
471 667 618 744 ἀπέπεμπε
640 665 927 742 ἐξανδραποδίσαντας

126 751 247 829 Ἀθήνας
267 755 313 813 καὶ
333 753 483 831 Ἐρέτριαν,
498 755 576 836 ἄγειν
592 758 680 833 ἐαυτῷ
701 759 728 816 ἐς
746 752 812 825 ὄψιν
828 753 863 812 τά
880 752 925 813 άν-

126 840 260 917 δρόποδα.
301 843 349 907 Ὡς
363 843 392 902 δὲ
406 846 433 902 οἱ
446 843 600 924 στρατηγοὶ
614 841 690 902 οὗτοι
711 845 738 902 οἱ
758 841 925 919 α’ποδεχθέν-
935 845 972 901 95

124 955 178 999 τες,
192 930 375 1008 πορευόμενοι
391 930 467 1008 παραὶ
481 933 620 1006 βασιλέος
633 931 766 990 άπίκοντο
779 934 830 1006 τῆς
844 934 924 988 Κιλι-

125 1017 186 1093 κίης
196 1025 224 1082 ἐς
236 1021 269 1081 τό
282 1019 400 1097 Ἀλήϊον
413 1021 515 1089 πεδίον,
526 1019 585 1096 ἅμα
599 1018 730 1100 ἀγόμενοι
744 1020 827 1090 πεζόν
840 1045 925 1095 στρα·

123 1105 175 1165 τόν
192 1109 303 1168 πολλόν
319 1135 350 1168 τε
370 1110 416 1166 καὶ
433 1108 462 1168 εὖ
476 1109 690 1184 ἐσκευασμένον,
706 1109 823 1167 ἐνθαῦτα
834 1133 924 1188 στρα-

122 1194 369 1270 τοπεδευομένοισι
382 1197 488 1270 ἐπῆλθε
501 1198 552 1272 μὲν
566 1195 582 1254 ὁ
596 1194 722 1257 ναυτικάς
735 1199 790 1257 πᾶς
804 1195 924 1270 στρατός

123 1279 142 1339 ό
156 1283 313 1360 ἐπιταχθεὶς
327 1282 480 1342 ἐκάστοισι·
501 1284 686 1362 παρεγένοντο
700 1282 785 1341 δὲκαὶ
799 1285 828 1339 αἱ
843 1284 925 1340 ἱππα-

122 1369 213 1448 γωγοὶ
228 1371 291 1440 νέες,
305 1370 355 1434 τάς
367 1374 406 1448 τῷ
418 1371 542 1451 προτέρῳ
556 1372 610 1429 ἐτεῑ
630 1372 746 1445 προεῖπε
765 1372 843 1428 τοῖσι
863 1373 924 1428 ἐωυ-

122 1461 174 1516 τοῦ
195 1457 407 1536 δασμοφόροισι
421 1463 539 1536 Δαρεῖος
560 1458 722 1536 ἑτοιμάζειν.
764 1459 924 1536 ἐσβαλόμε-

123 1571 167 1604 νοι
180 1546 209 1604 δὲ
222 1547 286 1610 τούς
300 1548 400 1612 ἵππους
413 1553 441 1611 ἐς
454 1547 555 1610 ταύτας
570 1549 615 1606 καὶ
627 1547 677 1607 τόν
698 1549 781 1621 πεζόν
801 1548 923 1624 στρατόν

124 1635 335 1710 ἐσβιβάσαντες
348 1641 376 1699 ἐς
395 1636 445 1699 τός
464 1637 534 1706 νέας,
550 1637 649 1696 ἔπλεον
668 1637 832 1716 ἑξακοσίῃσι
848 1637 923 1713 τριή-

124 1747 188 1797 ρεσι
202 1727 228 1784 ἐς
240 1723 292 1798 τήν
304 1722 419 1800 Ἰωνίην.
461 1725 584 1786 ἐνθεῦτεν
598 1725 627 1784 δέ
646 1724 678 1785 οὐ
691 1726 768 1803 παρά
780 1725 833 1801 τήν
846 1725 922 1801 ἤπει-

123 1834 174 1885 ρον
195 1810 270 1888 εἶχον
282 1811 332 1874 τάς
345 1813 407 1874 νέας
421 1811 464 1871 ῑθύ
477 1817 527 1872 τοῦ
540 1839 571 1872 τε
583 1813 800 1890 Ἑλλησπόντου
814 1815 860 1872 καὶ
873 1819 923 1890 τῆς

124 1898 253 1973 Θρηίκης·
274 1897 340 1957 ἀλλ’
354 1904 384 1958 ἐκ
398 1900 495 1976 Σάμου
515 1901 691 1978 όρμειόμενοι,
705 1901 781 1980 παρά
801 1928 832 1962 τε
852 1901 923 1961 Ἰκά·

123 2010 185 2062 ριον
198 1986 244 2044 καὶ
258 1985 303 2045 διά
317 1987 410 2063 νήσων
422 1988 472 2049 τόν
486 1991 575 2050 πλόον
586 1995 736 2061 ἐποιεῦντο,
747 1991 782 2053 ὥς
794 1993 846 2066 μὲν
860 1991 922 2066 ἐμοὶ

124 2073 220 2148 δοκέει,
235 2074 374 2140 δείσαντες
391 2076 519 2154 μάλιστα
533 2078 584 2138 τόν
597 2078 751 2155 περίπλοον
771 2081 821 2137 τοῦ
834 2076 921 2147 Ἀθω,

123 2161 167 2221 ὅτι
181 2167 218 2242 τῷ
231 2165 356 2243 προτέρῳ
374 2166 428 2224 ἐτεῖ
447 2166 606 2242 ποιεύμενοι
625 2165 712 2241 ταύτῃ
732 2165 784 2239 τήν
805 2164 921 2240 κομιδήν

123 2250 252 2330 μεγάλως
264 2253 486 2327 προσέπταισαν*
508 2251 578 2328 πρός
592 2252 622 2310 δὲ
635 2253 681 2310 καὶ
693 2251 712 2326 ή
727 2251 821 2320 Νάξος
831 2253 924 2326 σφέας

123 2337 270 2419 ἠνάγκαζε,
284 2339 419 2416 πρότερον
438 2339 486 2398 οὐκ
508 2339 629 2398 α’λοῦσα.
670 2337 750 2398 Ἐπεὶ
771 2339 808 2410 δέ,
828 2345 857 2398 ἐκ
870 2345 920 2400 τοῦ
932 2344 968 2400 96

122 2422 242 2502 Ἰκαρίου
269 2427 408 2508 πελάγεος
434 2426 661 2504 προσφερόμενοι
687 2429 861 2504 προσέμιξαν
887 2433 922 2509 τῇ

122 2515 216 2594 Νάξῳ,
238 2518 295 2595 (ἐπὶ
316 2515 420 2592 ταύτην
440 2515 496 2596 γάρ
521 2516 555 2591 δή
579 2516 690 2593 προίτην
706 2521 817 2596 ἐπεῖχον
838 2544 922 2595 στρα·

121 2603 252 2662 τεύεσθαι
273 2607 300 2663 οἱ
323 2605 440 2681 Πέρσαι,
460 2605 632 2681 μεμνημένοι
651 2609 705 2665 τῶν
725 2606 882 2686 πρότερον,)
897 2612 923 2667 οἱ

122 2689 226 2760 Νάξιοι
246 2691 315 2768 πρός
328 2691 364 2752 τά
378 2691 461 2768 οὔρεα
478 2693 588 2770 οἴχοντο
603 2693 760 2774 φεύγοντες,
775 2695 838 2754 οὐδὲ
858 2696 925 2755 ὑπέ-

121 2803 228 2855 μειναν·
250 2784 277 2840 οἶ
292 2781 321 2839 δὲ
336 2781 447 2858 Πέρσαι
467 2780 739 2858 ἀνδραποδισάμενοι
758 2784 823 2846 τούς
844 2788 921 2844 κατέ-

122 2870 217 2943 λαβον
236 2869 333 2939 αὐτῶν,
349 2870 504 2946 ἐνέπρησαν
521 2874 566 2927 καί
582 2869 618 2928 τά
637 2870 682 2946 ἱρά
702 2872 747 2930 καὶ
763 2872 814 2947 τήν
827 2873 920 2932 πόλιν·

121 2958 210 3032 ταῦτα
233 2956 262 3014 δὲ
283 2956 459 3032 ποιήσαντες,
482 2958 527 3016 ἐπὶ
550 2956 601 3020 τάς
624 2955 714 3021 ἄλλος
735 2959 837 3035 νήσους
859 2959 922 3017 οἰνά-

122 3069 216 3122 γοντο.

163 3131 212 3192 Ἐν
234 3130 255 3211 ᾧ
276 3133 306 3192 δέ
328 3131 404 3193 οὗτοι
424 3139 513 3194 ταῦτα
530 3138 646 3206 ἐποίευν,
669 3139 696 3195 οἳ
718 3135 828 3208 Δήλιοι,
851 3136 967 3192 ἐκλι-97

122 3221 222 3284 πάντες
241 3221 287 3280 καὶ
306 3221 384 3282 αὐτοὶ
402 3223 453 3298 τήν
468 3230 574 3300 Δῆλον,
592 3226 703 3302 οἴχοντο
725 3219 875 3300 φεύγοντες
895 3225 923 3282 ἐς

121 3313 223 3384 Τῆνον·
252 3314 303 3385 τῆς
328 3310 359 3370 δέ
385 3315 520 3388 στρατιῆς
545 3307 766 3382 καταπλεούσης,
794 3306 809 3366 ό
837 3311 923 3371 Δάτις
