<?xml version="1.0" encoding="UTF-8"?>
<!DOCTYPE html PUBLIC "-//W3C//DTD XHTML 1.0 Transitional//EN"
    "http://www.w3.org/TR/xhtml1/DTD/xhtml1-transitional.dtd">
<html xmlns="http://www.w3.org/1999/xhtml" xml:lang="en" lang="en">
 <head>
  <title>
</title>
<meta http-equiv="Content-Type" content="text/html;charset=utf-8" />
  <meta name='ocr-system' content='tesseract 3.04.00' />
  <meta name='ocr-capabilities' content='ocr_page ocr_carea ocr_par ocr_line ocrx_word'/>
</head>
<body>
  <div class='ocr_page' id='page_1' title='image "./herodotusrecens02blakgoog_0293.png"; bbox 0 0 2262 3534; ppageno 0'>
   <div class='ocr_carea' id='block_1_1' title="bbox 94 169 1007 3401">
    <p class='ocr_par' dir='ltr' id='par_1_1' title="bbox 159 169 962 1121">
     <span class='ocr_line' id='line_1_1' title="bbox 162 169 960 246; baseline -0.008 -23"><span class='ocrx_word' id='word_1_1' title='bbox 162 169 302 234; x_wconf 75' lang='grc' dir='ltr'>ιιι-137]</span> <span class='ocrx_word' id='word_1_2' title='bbox 498 169 650 219; x_wconf 69' lang='grc' dir='ltr'>ουιιυιι.</span> <span class='ocrx_word' id='word_1_3' title='bbox 738 237 743 246; x_wconf 92' lang='lat'>.</span> <span class='ocrx_word' id='word_1_4' title='bbox 913 170 960 221; x_wconf 74' lang='grc' dir='ltr'>ιιι</span> 
     </span>
     <span class='ocr_line' id='line_1_2' title="bbox 161 247 961 331; baseline -0.003 -21"><span class='ocrx_word' id='word_1_5' title='bbox 161 251 262 328; x_wconf 88' lang='grc' dir='ltr'>άνδρου</span> <span class='ocrx_word' id='word_1_6' title='bbox 278 249 333 331; x_wconf 77' lang='grc' dir='ltr'>γάρ</span> <span class='ocrx_word' id='word_1_7' title='bbox 352 249 494 326; x_wconf 74' lang='grc' dir='ltr'>ἀδελφεήν</span> <span class='ocrx_word' id='word_1_8' title='bbox 511 250 642 330; x_wconf 81' lang='grc' dir='ltr'><em>Γυγαίην,</em></span> <span class='ocrx_word' id='word_1_9' title='bbox 664 247 804 326; x_wconf 78' lang='grc' dir='ltr'>Ἀμύντεω</span> <span class='ocrx_word' id='word_1_10' title='bbox 825 249 855 309; x_wconf 74' lang='grc' dir='ltr'>δὲ</span> <span class='ocrx_word' id='word_1_11' title='bbox 877 249 961 331; x_wconf 88' lang='grc' dir='ltr'>θυγα-</span> 
     </span>
     <span class='ocr_line' id='line_1_3' title="bbox 160 336 962 416; baseline -0.002 -17"><span class='ocrx_word' id='word_1_12' title='bbox 160 340 236 416; x_wconf 92' lang='grc' dir='ltr'>τέρα,</span> <span class='ocrx_word' id='word_1_13' title='bbox 270 337 420 414; x_wconf 74' lang='grc' dir='ltr'>Βουβάρης</span> <span class='ocrx_word' id='word_1_14' title='bbox 446 336 516 414; x_wconf 81' lang='grc' dir='ltr'>άνήρ</span> <span class='ocrx_word' id='word_1_15' title='bbox 548 337 664 414; x_wconf 89' lang='grc' dir='ltr'>Πέρσης</span> <span class='ocrx_word' id='word_1_16' title='bbox 694 338 770 416; x_wconf 78' lang='grc' dir='ltr'>ἔσχε,</span> <span class='ocrx_word' id='word_1_17' title='bbox 801 341 833 396; x_wconf 90' lang='grc' dir='ltr'>ἐκ</span> <span class='ocrx_word' id='word_1_18' title='bbox 857 341 909 414; x_wconf 81' lang='grc' dir='ltr'>τῆς</span> <span class='ocrx_word' id='word_1_19' title='bbox 935 339 962 397; x_wconf 85' lang='grc' dir='ltr'>οἶ</span> 
     </span>
     <span class='ocr_line' id='line_1_4' title="bbox 162 423 960 508; baseline -0.004 -22"><span class='ocrx_word' id='word_1_20' title='bbox 162 427 286 508; x_wconf 81' lang='grc' dir='ltr'>ἐγεγόνεε</span> <span class='ocrx_word' id='word_1_21' title='bbox 306 425 444 502; x_wconf 78' lang='grc' dir='ltr'>Ἀμύντης</span> <span class='ocrx_word' id='word_1_22' title='bbox 464 425 480 485; x_wconf 90' lang='grc' dir='ltr'>ὁ</span> <span class='ocrx_word' id='word_1_23' title='bbox 501 431 530 484; x_wconf 85' lang='grc' dir='ltr'>ἐν</span> <span class='ocrx_word' id='word_1_24' title='bbox 549 429 585 502; x_wconf 81' lang='grc' dir='ltr'>τῇ</span> <span class='ocrx_word' id='word_1_25' title='bbox 604 425 696 504; x_wconf 84' lang='grc' dir='ltr'>Ἀσίῃ,</span> <span class='ocrx_word' id='word_1_26' title='bbox 713 427 782 503; x_wconf 79' lang='grc' dir='ltr'>ἔχων</span> <span class='ocrx_word' id='word_1_27' title='bbox 801 424 834 484; x_wconf 83' lang='grc' dir='ltr'>τό</span> <span class='ocrx_word' id='word_1_28' title='bbox 856 423 960 502; x_wconf 77' lang='grc' dir='ltr'>οὕνομα</span> 
     </span>
     <span class='ocr_line' id='line_1_5' title="bbox 160 513 961 594; baseline -0.005 -20"><span class='ocrx_word' id='word_1_29' title='bbox 160 520 211 574; x_wconf 83' lang='grc' dir='ltr'>τοῦ</span> <span class='ocrx_word' id='word_1_30' title='bbox 225 513 446 592; x_wconf 84' lang='grc' dir='ltr'>μητροπάτορος·</span> <span class='ocrx_word' id='word_1_31' title='bbox 466 517 504 592; x_wconf 79' lang='grc' dir='ltr'>τῷ</span> <span class='ocrx_word' id='word_1_32' title='bbox 522 513 556 589; x_wconf 80' lang='grc' dir='ltr'>δή</span> <span class='ocrx_word' id='word_1_33' title='bbox 574 519 603 572; x_wconf 88' lang='grc' dir='ltr'>ἐκ</span> <span class='ocrx_word' id='word_1_34' title='bbox 621 514 761 588; x_wconf 80' lang='grc' dir='ltr'>βασιλέος</span> <span class='ocrx_word' id='word_1_35' title='bbox 778 517 829 589; x_wconf 76' lang='grc' dir='ltr'>τῆς</span> <span class='ocrx_word' id='word_1_36' title='bbox 840 515 961 594; x_wconf 78' lang='grc' dir='ltr'>Φρυγίης</span> 
     </span>
     <span class='ocr_line' id='line_1_6' title="bbox 161 599 961 682; baseline -0.004 -20"><span class='ocrx_word' id='word_1_37' title='bbox 161 602 244 678; x_wconf 87' lang='grc' dir='ltr'>ἐδόθη</span> <span class='ocrx_word' id='word_1_38' title='bbox 260 601 427 678; x_wconf 78' lang='grc' dir='ltr'>Ἀλάβανδα</span> <span class='ocrx_word' id='word_1_39' title='bbox 447 601 531 664; x_wconf 86' lang='grc' dir='ltr'>πόλις</span> <span class='ocrx_word' id='word_1_40' title='bbox 546 600 658 682; x_wconf 87' lang='grc' dir='ltr'>μεγάλη</span> <span class='ocrx_word' id='word_1_41' title='bbox 676 602 840 682; x_wconf 81' lang='grc' dir='ltr'>νέμεσθαι·)“</span> <span class='ocrx_word' id='word_1_42' title='bbox 852 599 910 678; x_wconf 81' lang='grc' dir='ltr'>ἅμα</span> <span class='ocrx_word' id='word_1_43' title='bbox 931 601 961 660; x_wconf 77' lang='grc' dir='ltr'>δὲ</span> 
     </span>
     <span class='ocr_line' id='line_1_7' title="bbox 160 687 961 767; baseline -0.005 -16"><span class='ocrx_word' id='word_1_44' title='bbox 160 690 177 751; x_wconf 86' lang='grc' dir='ltr'>ό</span> <span class='ocrx_word' id='word_1_45' title='bbox 191 690 357 767; x_wconf 87' lang='grc' dir='ltr'>Μαρδόνιος,</span> <span class='ocrx_word' id='word_1_46' title='bbox 368 689 523 766; x_wconf 86' lang='grc' dir='ltr'>πυθόμενος</span> <span class='ocrx_word' id='word_1_47' title='bbox 536 687 579 748; x_wconf 83' lang='grc' dir='ltr'>ὅτι</span> <span class='ocrx_word' id='word_1_48' title='bbox 591 687 725 766; x_wconf 85' lang='grc' dir='ltr'>πρόξενός</span> <span class='ocrx_word' id='word_1_49' title='bbox 733 715 765 748; x_wconf 93' lang='grc' dir='ltr'>τε</span> <span class='ocrx_word' id='word_1_50' title='bbox 773 689 815 764; x_wconf 80' lang='grc' dir='ltr'>εἴη</span> <span class='ocrx_word' id='word_1_51' title='bbox 830 689 875 747; x_wconf 88' lang='grc' dir='ltr'>καὶ</span> <span class='ocrx_word' id='word_1_52' title='bbox 889 688 961 766; x_wconf 73' lang='grc' dir='ltr'>εὐερ-</span> 
     </span>
     <span class='ocr_line' id='line_1_8' title="bbox 159 777 962 859; baseline 0.001 -21"><span class='ocrx_word' id='word_1_53' title='bbox 159 780 242 859; x_wconf 84' lang='grc' dir='ltr'>γέτης</span> <span class='ocrx_word' id='word_1_54' title='bbox 261 777 484 854; x_wconf 83' lang='grc' dir='ltr'>όἈλέξανδρος,</span> <span class='ocrx_word' id='word_1_55' title='bbox 504 779 619 854; x_wconf 80' lang='grc' dir='ltr'>ἔπεμπε·</span> <span class='ocrx_word' id='word_1_56' title='bbox 639 777 704 840; x_wconf 62' lang='lat' dir='ltr'>vois</span> <span class='ocrx_word' id='word_1_57' title='bbox 723 777 778 858; x_wconf 90' lang='grc' dir='ltr'>γοὶρ</span> <span class='ocrx_word' id='word_1_58' title='bbox 797 777 962 852; x_wconf 89' lang='grc' dir='ltr'>Ἀθηναίους</span> 
     </span>
     <span class='ocr_line' id='line_1_9' title="bbox 160 863 959 942; baseline -0.003 -17"><span class='ocrx_word' id='word_1_59' title='bbox 160 865 231 925; x_wconf 79' lang='grc' dir='ltr'>οὕτω</span> <span class='ocrx_word' id='word_1_60' title='bbox 249 865 341 926; x_wconf 88' lang='grc' dir='ltr'>ἐδόκεε</span> <span class='ocrx_word' id='word_1_61' title='bbox 358 866 486 942; x_wconf 81' lang='grc' dir='ltr'>μάλιστα</span> <span class='ocrx_word' id='word_1_62' title='bbox 503 863 743 942; x_wconf 75' lang='grc' dir='ltr'>προσκτήσεσθαι,</span> <span class='ocrx_word' id='word_1_63' title='bbox 761 865 832 924; x_wconf 82' lang='grc' dir='ltr'>λεών</span> <span class='ocrx_word' id='word_1_64' title='bbox 845 891 876 924; x_wconf 91' lang='grc' dir='ltr'>τε</span> <span class='ocrx_word' id='word_1_65' title='bbox 888 869 959 924; x_wconf 91' lang='grc' dir='ltr'>πολ-</span> 
     </span>
     <span class='ocr_line' id='line_1_10' title="bbox 160 951 961 1031; baseline 0.002 -20"><span class='ocrx_word' id='word_1_66' title='bbox 160 953 212 1012; x_wconf 84' lang='grc' dir='ltr'>λόν</span> <span class='ocrx_word' id='word_1_67' title='bbox 229 953 284 1031; x_wconf 76' lang='grc' dir='ltr'>ἄρα</span> <span class='ocrx_word' id='word_1_68' title='bbox 301 953 408 1013; x_wconf 83' lang='grc' dir='ltr'>άκοόων</span> <span class='ocrx_word' id='word_1_69' title='bbox 424 954 493 1013; x_wconf 84' lang='grc' dir='ltr'>εἶναι</span> <span class='ocrx_word' id='word_1_70' title='bbox 513 953 558 1011; x_wconf 81' lang='grc' dir='ltr'>καὶ</span> <span class='ocrx_word' id='word_1_71' title='bbox 574 951 703 1029; x_wconf 76' lang='grc' dir='ltr'>ἄλκιμον,</span> <span class='ocrx_word' id='word_1_72' title='bbox 716 953 752 1012; x_wconf 90' lang='grc' dir='ltr'>τά</span> <span class='ocrx_word' id='word_1_73' title='bbox 771 979 802 1012; x_wconf 92' lang='grc' dir='ltr'>τε</span> <span class='ocrx_word' id='word_1_74' title='bbox 823 954 894 1015; x_wconf 77' lang='grc' dir='ltr'>κατὰ</span> <span class='ocrx_word' id='word_1_75' title='bbox 909 953 961 1028; x_wconf 81' lang='grc' dir='ltr'>τήν</span> 
     </span>
     <span class='ocr_line' id='line_1_11' title="bbox 161 1039 962 1121; baseline 0.002 -23"><span class='ocrx_word' id='word_1_76' title='bbox 161 1039 313 1100; x_wconf 86' lang='grc' dir='ltr'>θάλασσαν</span> <span class='ocrx_word' id='word_1_77' title='bbox 340 1041 513 1118; x_wconf 85' lang='grc' dir='ltr'>συντυχόντα</span> <span class='ocrx_word' id='word_1_78' title='bbox 537 1045 593 1115; x_wconf 86' lang='grc' dir='ltr'>σφι</span> <span class='ocrx_word' id='word_1_79' title='bbox 613 1040 767 1117; x_wconf 82' lang='grc' dir='ltr'>παθήματα</span> <span class='ocrx_word' id='word_1_80' title='bbox 788 1045 962 1121; x_wconf 77' lang='grc' dir='ltr'>κατεργασαὲ</span> 
     </span>
    </p>

    <p class='ocr_par' dir='ltr' id='par_1_2' title="bbox 94 1127 961 1820">
     <span class='ocr_line' id='line_1_12' title="bbox 94 1127 961 1205; baseline 0.003 -20"><span class='ocrx_word' id='word_1_81' title='bbox 94 1171 99 1178; x_wconf 85' lang='lat'><strong>·</strong></span> <span class='ocrx_word' id='word_1_82' title='bbox 160 1129 259 1202; x_wconf 87' lang='grc' dir='ltr'>μένους</span> <span class='ocrx_word' id='word_1_83' title='bbox 284 1127 411 1205; x_wconf 86' lang='grc' dir='ltr'>μάλιστα</span> <span class='ocrx_word' id='word_1_84' title='bbox 436 1129 600 1204; x_wconf 84' lang='grc' dir='ltr'>Ἀθηναίους</span> <span class='ocrx_word' id='word_1_85' title='bbox 622 1129 767 1187; x_wconf 89' lang='grc' dir='ltr'>ἐπίστατο·</span> <span class='ocrx_word' id='word_1_86' title='bbox 800 1129 904 1188; x_wconf 79' lang='grc' dir='ltr'>τούτων</span> <span class='ocrx_word' id='word_1_87' title='bbox 931 1129 961 1188; x_wconf 85' lang='grc' dir='ltr'>δέ</span> 
     </span>
     <span class='ocr_line' id='line_1_13' title="bbox 161 1215 961 1295; baseline 0.011 -24"><span class='ocrx_word' id='word_1_88' title='bbox 161 1217 400 1295; x_wconf 86' lang='grc' dir='ltr'>προσγενομένων,</span> <span class='ocrx_word' id='word_1_89' title='bbox 421 1215 573 1292; x_wconf 82' lang='grc' dir='ltr'>κατήλπιζε</span> <span class='ocrx_word' id='word_1_90' title='bbox 595 1215 726 1278; x_wconf 74' lang='grc' dir='ltr'>εὐπετέως</span> <span class='ocrx_word' id='word_1_91' title='bbox 744 1219 794 1291; x_wconf 82' lang='grc' dir='ltr'>τῆς</span> <span class='ocrx_word' id='word_1_92' title='bbox 811 1216 961 1293; x_wconf 79' lang='grc' dir='ltr'>θαλάσσης</span> 
     </span>
     <span class='ocr_line' id='line_1_14' title="bbox 162 1301 961 1382; baseline 0.003 -21"><span class='ocrx_word' id='word_1_93' title='bbox 162 1302 319 1378; x_wconf 82' lang='grc' dir='ltr'>κρατήσειν,</span> <span class='ocrx_word' id='word_1_94' title='bbox 332 1303 421 1381; x_wconf 83' lang='grc' dir='ltr'>τάπερ</span> <span class='ocrx_word' id='word_1_95' title='bbox 437 1301 472 1362; x_wconf 78' lang='grc' dir='ltr'>ἂν</span> <span class='ocrx_word' id='word_1_96' title='bbox 490 1305 536 1362; x_wconf 90' lang='grc' dir='ltr'>καὶ</span> <span class='ocrx_word' id='word_1_97' title='bbox 554 1302 598 1379; x_wconf 83' lang='grc' dir='ltr'>ἦν·</span> <span class='ocrx_word' id='word_1_98' title='bbox 619 1305 690 1382; x_wconf 79' lang='grc' dir='ltr'>πεζῇ</span> <span class='ocrx_word' id='word_1_99' title='bbox 702 1329 733 1363; x_wconf 89' lang='grc' dir='ltr'>τε</span> <span class='ocrx_word' id='word_1_100' title='bbox 747 1303 838 1363; x_wconf 85' lang='grc' dir='ltr'>ἐδόκεε</span> <span class='ocrx_word' id='word_1_101' title='bbox 850 1305 961 1364; x_wconf 84' lang='grc' dir='ltr'>πολλόν</span> 
     </span>
     <span class='ocr_line' id='line_1_15' title="bbox 162 1389 959 1472; baseline 0.005 -24"><span class='ocrx_word' id='word_1_102' title='bbox 162 1389 231 1449; x_wconf 79' lang='grc' dir='ltr'>εἶναι</span> <span class='ocrx_word' id='word_1_103' title='bbox 247 1393 384 1468; x_wconf 88' lang='grc' dir='ltr'>κρέσσων·</span> <span class='ocrx_word' id='word_1_104' title='bbox 410 1391 480 1451; x_wconf 77' lang='grc' dir='ltr'>οὕτω</span> <span class='ocrx_word' id='word_1_105' title='bbox 498 1418 529 1450; x_wconf 92' lang='grc' dir='ltr'>τε</span> <span class='ocrx_word' id='word_1_106' title='bbox 549 1393 691 1472; x_wconf 83' lang='grc' dir='ltr'>ἐλογίζετο</span> <span class='ocrx_word' id='word_1_107' title='bbox 705 1391 860 1470; x_wconf 80' lang='grc' dir='ltr'>κατύπερθέ</span> <span class='ocrx_word' id='word_1_108' title='bbox 879 1396 906 1452; x_wconf 81' lang='grc' dir='ltr'>οἶ</span> <span class='ocrx_word' id='word_1_109' title='bbox 923 1393 959 1453; x_wconf 80' lang='grc' dir='ltr'>τοὶ</span> 
     </span>
     <span class='ocr_line' id='line_1_16' title="bbox 160 1478 959 1562; baseline 0.005 -26"><span class='ocrx_word' id='word_1_110' title='bbox 160 1478 313 1559; x_wconf 84' lang='grc' dir='ltr'>πρήγματα</span> <span class='ocrx_word' id='word_1_111' title='bbox 333 1479 450 1540; x_wconf 78' lang='grc' dir='ltr'>ἔσεσθαι</span> <span class='ocrx_word' id='word_1_112' title='bbox 469 1479 536 1561; x_wconf 81' lang='grc' dir='ltr'>[τῶν</span> <span class='ocrx_word' id='word_1_113' title='bbox 552 1479 747 1562; x_wconf 65' lang='grc' dir='ltr'>Ἑλληνικῶν]</span> <span class='ocrx_word' id='word_1_114' title='bbox 787 1480 861 1559; x_wconf 87' lang='grc' dir='ltr'>τάχα</span> <span class='ocrx_word' id='word_1_115' title='bbox 881 1479 905 1540; x_wconf 80' lang='grc' dir='ltr'>δ’</span> <span class='ocrx_word' id='word_1_116' title='bbox 925 1478 959 1540; x_wconf 81' lang='grc' dir='ltr'>άν</span> 
     </span>
     <span class='ocr_line' id='line_1_17' title="bbox 162 1567 960 1649; baseline 0.005 -25"><span class='ocrx_word' id='word_1_117' title='bbox 162 1568 207 1625; x_wconf 88' lang='grc' dir='ltr'>καὶ</span> <span class='ocrx_word' id='word_1_118' title='bbox 228 1568 263 1626; x_wconf 78' lang='grc' dir='ltr'>τά</span> <span class='ocrx_word' id='word_1_119' title='bbox 282 1567 443 1647; x_wconf 84' lang='grc' dir='ltr'>χρηστήρια</span> <span class='ocrx_word' id='word_1_120' title='bbox 462 1567 549 1627; x_wconf 75' lang='grc' dir='ltr'>ταῦτά</span> <span class='ocrx_word' id='word_1_121' title='bbox 569 1571 596 1628; x_wconf 84' lang='grc' dir='ltr'>οἱ</span> <span class='ocrx_word' id='word_1_122' title='bbox 615 1569 759 1649; x_wconf 85' lang='grc' dir='ltr'>προλέγοι,</span> <span class='ocrx_word' id='word_1_123' title='bbox 783 1568 960 1646; x_wconf 81' lang='grc' dir='ltr'>συμβουλεύ-</span> 
     </span>
     <span class='ocr_line' id='line_1_18' title="bbox 160 1655 958 1734; baseline 0.004 -21"><span class='ocrx_word' id='word_1_124' title='bbox 160 1679 228 1714; x_wconf 89' lang='grc' dir='ltr'>οντα</span> <span class='ocrx_word' id='word_1_125' title='bbox 244 1656 397 1734; x_wconf 82' lang='grc' dir='ltr'>σύμμαχον</span> <span class='ocrx_word' id='word_1_126' title='bbox 414 1656 447 1715; x_wconf 78' lang='grc' dir='ltr'>τό</span> <span class='ocrx_word' id='word_1_127' title='bbox 465 1655 615 1732; x_wconf 85' lang='grc' dir='ltr'>Ἀθηναῖον</span> <span class='ocrx_word' id='word_1_128' title='bbox 635 1659 662 1716; x_wconf 84' lang='grc' dir='ltr'>οἶ</span> <span class='ocrx_word' id='word_1_129' title='bbox 677 1656 862 1733; x_wconf 85' lang='grc' dir='ltr'>ποιήσασθαι·</span> <span class='ocrx_word' id='word_1_130' title='bbox 882 1660 958 1724; x_wconf 81' lang='grc' dir='ltr'>τοῖσι</span> 
     </span>
     <span class='ocr_line' id='line_1_19' title="bbox 161 1741 498 1820; baseline 0.003 -19"><span class='ocrx_word' id='word_1_131' title='bbox 161 1741 195 1817; x_wconf 79' lang='grc' dir='ltr'>δή</span> <span class='ocrx_word' id='word_1_132' title='bbox 208 1743 370 1818; x_wconf 87' lang='grc' dir='ltr'>πειθόμενος</span> <span class='ocrx_word' id='word_1_133' title='bbox 383 1745 498 1820; x_wconf 79' lang='grc' dir='ltr'>ἔπεμπε.</span> 
     </span>
    </p>

    <p class='ocr_par' dir='ltr' id='par_1_3' title="bbox 160 1823 1007 2428">
     <span class='ocr_line' id='line_1_20' title="bbox 201 1823 1007 1907; baseline 0.009 -26"><span class='ocrx_word' id='word_1_134' title='bbox 201 1829 257 1882; x_wconf 80' lang='grc' dir='ltr'>Τοῦ</span> <span class='ocrx_word' id='word_1_135' title='bbox 283 1825 313 1882; x_wconf 82' lang='grc' dir='ltr'>δὲ</span> <span class='ocrx_word' id='word_1_136' title='bbox 338 1825 523 1902; x_wconf 81' lang='grc' dir='ltr'>Ἀλεξάνδρου</span> <span class='ocrx_word' id='word_1_137' title='bbox 549 1823 649 1884; x_wconf 78' lang='grc' dir='ltr'>τούτου</span> <span class='ocrx_word' id='word_1_138' title='bbox 675 1825 797 1902; x_wconf 77' lang='grc' dir='ltr'>ἕβδομος</span> <span class='ocrx_word' id='word_1_139' title='bbox 822 1825 1007 1907; x_wconf 80' lang='grc' dir='ltr'>γενέτωρ137</span> 
     </span>
     <span class='ocr_line' id='line_1_21' title="bbox 162 1911 960 1989; baseline 0.005 -21"><span class='ocrx_word' id='word_1_140' title='bbox 162 1911 316 1986; x_wconf 84' lang='grc' dir='ltr'>Περδίκκης</span> <span class='ocrx_word' id='word_1_141' title='bbox 336 1913 406 1980; x_wconf 90' lang='grc' dir='ltr'>ἐστὶ,</span> <span class='ocrx_word' id='word_1_142' title='bbox 425 1911 441 1970; x_wconf 85' lang='grc' dir='ltr'>ὁ</span> <span class='ocrx_word' id='word_1_143' title='bbox 461 1911 634 1987; x_wconf 81' lang='grc' dir='ltr'>κτησάμενος</span> <span class='ocrx_word' id='word_1_144' title='bbox 651 1917 706 1972; x_wconf 79' lang='grc' dir='ltr'>τῶν</span> <span class='ocrx_word' id='word_1_145' title='bbox 724 1914 892 1974; x_wconf 90' lang='grc' dir='ltr'>Μακεδόνων</span> <span class='ocrx_word' id='word_1_146' title='bbox 909 1913 960 1989; x_wconf 81' lang='grc' dir='ltr'>τήν</span> 
     </span>
     <span class='ocr_line' id='line_1_22' title="bbox 160 1997 959 2080; baseline 0.004 -25"><span class='ocrx_word' id='word_1_147' title='bbox 160 1998 308 2073; x_wconf 84' lang='grc' dir='ltr'>τυραννιδα</span> <span class='ocrx_word' id='word_1_148' title='bbox 320 1997 413 2075; x_wconf 82' lang='grc' dir='ltr'>τρόπῳ</span> <span class='ocrx_word' id='word_1_149' title='bbox 423 1999 526 2076; x_wconf 75' lang='grc' dir='ltr'>τοιῷδε·</span> <span class='ocrx_word' id='word_1_150' title='bbox 542 2000 572 2067; x_wconf 81' lang='grc' dir='ltr'>ἐξ</span> <span class='ocrx_word' id='word_1_151' title='bbox 579 1997 698 2078; x_wconf 80' lang='grc' dir='ltr'>Ἀργεος</span> <span class='ocrx_word' id='word_1_152' title='bbox 711 2002 815 2080; x_wconf 84' lang='grc' dir='ltr'>ἔφυγον</span> <span class='ocrx_word' id='word_1_153' title='bbox 829 2004 855 2062; x_wconf 88' lang='grc' dir='ltr'>ἐς</span> <span class='ocrx_word' id='word_1_154' title='bbox 867 2000 959 2058; x_wconf 88' lang='grc' dir='ltr'>Ἰλλυ-</span> 
     </span>
     <span class='ocr_line' id='line_1_23' title="bbox 160 2083 960 2166; baseline 0.004 -24"><span class='ocrx_word' id='word_1_155' title='bbox 160 2083 236 2160; x_wconf 78' lang='grc' dir='ltr'>ριοδς</span> <span class='ocrx_word' id='word_1_156' title='bbox 244 2089 298 2143; x_wconf 79' lang='grc' dir='ltr'>τῶν</span> <span class='ocrx_word' id='word_1_157' title='bbox 305 2089 431 2160; x_wconf 84' lang='grc' dir='ltr'>Τημενοῦ</span> <span class='ocrx_word' id='word_1_158' title='bbox 442 2084 586 2166; x_wconf 79' lang='grc' dir='ltr'>ἀπογόνων</span> <span class='ocrx_word' id='word_1_159' title='bbox 599 2089 672 2162; x_wconf 85' lang='grc' dir='ltr'>τρεῖς</span> <span class='ocrx_word' id='word_1_160' title='bbox 682 2085 824 2162; x_wconf 77' lang='grc' dir='ltr'>ἀδελφεοὶ,</span> <span class='ocrx_word' id='word_1_161' title='bbox 836 2086 960 2162; x_wconf 87' lang='grc' dir='ltr'>Γαυάνης</span> 
     </span>
     <span class='ocr_line' id='line_1_24' title="bbox 161 2170 961 2250; baseline 0.004 -19"><span class='ocrx_word' id='word_1_162' title='bbox 161 2198 192 2231; x_wconf 92' lang='grc' dir='ltr'>τε</span> <span class='ocrx_word' id='word_1_163' title='bbox 212 2173 260 2233; x_wconf 86' lang='grc' dir='ltr'>καὶ</span> <span class='ocrx_word' id='word_1_164' title='bbox 284 2170 420 2248; x_wconf 87' lang='grc' dir='ltr'>Ἀέροπος</span> <span class='ocrx_word' id='word_1_165' title='bbox 441 2174 487 2231; x_wconf 91' lang='grc' dir='ltr'>καὶ</span> <span class='ocrx_word' id='word_1_166' title='bbox 509 2173 672 2248; x_wconf 84' lang='grc' dir='ltr'>Περδίκκης·</span> <span class='ocrx_word' id='word_1_167' title='bbox 707 2178 737 2232; x_wconf 89' lang='grc' dir='ltr'>ἐκ</span> <span class='ocrx_word' id='word_1_168' title='bbox 764 2175 793 2232; x_wconf 87' lang='grc' dir='ltr'>δὲ</span> <span class='ocrx_word' id='word_1_169' title='bbox 815 2174 961 2250; x_wconf 77' lang='grc' dir='ltr'>Ἰλλυριῶν</span> 
     </span>
     <span class='ocr_line' id='line_1_25' title="bbox 160 2259 960 2337; baseline 0.008 -19"><span class='ocrx_word' id='word_1_170' title='bbox 160 2259 370 2337; x_wconf 74' lang='grc' dir='ltr'>ὑπερβαλόντες</span> <span class='ocrx_word' id='word_1_171' title='bbox 391 2265 418 2324; x_wconf 83' lang='grc' dir='ltr'>ἐς</span> <span class='ocrx_word' id='word_1_172' title='bbox 433 2259 484 2336; x_wconf 84' lang='grc' dir='ltr'>τήν</span> <span class='ocrx_word' id='word_1_173' title='bbox 500 2259 556 2319; x_wconf 78' lang='grc' dir='ltr'>ἅνω</span> <span class='ocrx_word' id='word_1_174' title='bbox 576 2260 759 2337; x_wconf 79' lang='grc' dir='ltr'>Μακεδονίην,</span> <span class='ocrx_word' id='word_1_175' title='bbox 779 2261 912 2320; x_wconf 83' lang='grc' dir='ltr'>οἰπίκοντο</span> <span class='ocrx_word' id='word_1_176' title='bbox 933 2267 960 2325; x_wconf 82' lang='grc' dir='ltr'>ἐς</span> 
     </span>
     <span class='ocr_line' id='line_1_26' title="bbox 160 2347 960 2428; baseline -0.001 -19"><span class='ocrx_word' id='word_1_177' title='bbox 160 2349 289 2424; x_wconf 84' lang='grc' dir='ltr'>Λεβαίην</span> <span class='ocrx_word' id='word_1_178' title='bbox 298 2348 392 2408; x_wconf 90' lang='grc' dir='ltr'>πόλιν·</span> <span class='ocrx_word' id='word_1_179' title='bbox 406 2349 525 2408; x_wconf 82' lang='grc' dir='ltr'>ἐνθαῦτα</span> <span class='ocrx_word' id='word_1_180' title='bbox 539 2347 568 2408; x_wconf 77' lang='grc' dir='ltr'>δὲ</span> <span class='ocrx_word' id='word_1_181' title='bbox 581 2347 711 2424; x_wconf 78' lang='grc' dir='ltr'>ἐθήτευον</span> <span class='ocrx_word' id='word_1_182' title='bbox 724 2350 770 2408; x_wconf 83' lang='grc' dir='ltr'>ἐπὶ</span> <span class='ocrx_word' id='word_1_183' title='bbox 782 2349 875 2428; x_wconf 76' lang='grc' dir='ltr'>μισθῷ</span> <span class='ocrx_word' id='word_1_184' title='bbox 884 2350 960 2426; x_wconf 76' lang='grc' dir='ltr'>παρά</span> 
     </span>
    </p>

    <p class='ocr_par' dir='ltr' id='par_1_4' title="bbox 99 2437 960 3401">
     <span class='ocr_line' id='line_1_27' title="bbox 99 2437 960 2515; baseline 0 -19"><span class='ocrx_word' id='word_1_185' title='bbox 99 2493 101 2496; x_wconf 89' lang='grc'>.</span> <span class='ocrx_word' id='word_1_186' title='bbox 160 2440 199 2515; x_wconf 77' lang='grc' dir='ltr'>τῷ</span> <span class='ocrx_word' id='word_1_187' title='bbox 219 2437 349 2512; x_wconf 83' lang='grc' dir='ltr'>βασιλέϊ,</span> <span class='ocrx_word' id='word_1_188' title='bbox 367 2437 383 2497; x_wconf 83' lang='grc' dir='ltr'>ὁ</span> <span class='ocrx_word' id='word_1_189' title='bbox 404 2439 455 2514; x_wconf 78' lang='grc' dir='ltr'>μὲν</span> <span class='ocrx_word' id='word_1_190' title='bbox 478 2437 578 2500; x_wconf 83' lang='grc' dir='ltr'>ἵππους</span> <span class='ocrx_word' id='word_1_191' title='bbox 599 2437 726 2512; x_wconf 84' lang='grc' dir='ltr'>νέμων,ό</span> <span class='ocrx_word' id='word_1_192' title='bbox 748 2437 778 2496; x_wconf 85' lang='grc' dir='ltr'>δὲ</span> <span class='ocrx_word' id='word_1_193' title='bbox 794 2440 874 2512; x_wconf 79' lang='grc' dir='ltr'>βοῦς,</span> <span class='ocrx_word' id='word_1_194' title='bbox 892 2437 908 2498; x_wconf 85' lang='grc' dir='ltr'>ὁ</span> <span class='ocrx_word' id='word_1_195' title='bbox 930 2437 960 2497; x_wconf 79' lang='grc' dir='ltr'>δὲ</span> 
     </span>
     <span class='ocr_line' id='line_1_28' title="bbox 161 2523 958 2603; baseline 0.003 -19"><span class='ocrx_word' id='word_1_196' title='bbox 161 2523 296 2588; x_wconf 76' lang='grc' dir='ltr'>νεότατος</span> <span class='ocrx_word' id='word_1_197' title='bbox 308 2525 398 2585; x_wconf 75' lang='grc' dir='ltr'>αὐτῶν</span> <span class='ocrx_word' id='word_1_198' title='bbox 412 2525 567 2601; x_wconf 91' lang='grc' dir='ltr'>Περδίκκης</span> <span class='ocrx_word' id='word_1_199' title='bbox 580 2525 615 2584; x_wconf 82' lang='grc' dir='ltr'>τά</span> <span class='ocrx_word' id='word_1_200' title='bbox 629 2526 719 2586; x_wconf 75' lang='grc' dir='ltr'>λεπτά</span> <span class='ocrx_word' id='word_1_201' title='bbox 732 2530 787 2586; x_wconf 83' lang='grc' dir='ltr'>τῶν</span> <span class='ocrx_word' id='word_1_202' title='bbox 797 2525 958 2603; x_wconf 88' lang='grc' dir='ltr'>προβάτων·</span> 
     </span>
     <span class='ocr_line' id='line_1_29' title="bbox 160 2612 960 2692; baseline 0.004 -20"><span class='ocrx_word' id='word_1_203' title='bbox 160 2612 235 2688; x_wconf 79' lang='grc' dir='ltr'>ἦσαν</span> <span class='ocrx_word' id='word_1_204' title='bbox 251 2614 280 2672; x_wconf 80' lang='grc' dir='ltr'>δὲ</span> <span class='ocrx_word' id='word_1_205' title='bbox 295 2614 329 2674; x_wconf 83' lang='grc' dir='ltr'>τό</span> <span class='ocrx_word' id='word_1_206' title='bbox 345 2614 436 2672; x_wconf 87' lang='grc' dir='ltr'>πάλαι</span> <span class='ocrx_word' id='word_1_207' title='bbox 454 2616 500 2672; x_wconf 89' lang='grc' dir='ltr'>καὶ</span> <span class='ocrx_word' id='word_1_208' title='bbox 518 2617 547 2672; x_wconf 83' lang='grc' dir='ltr'>αἱ</span> <span class='ocrx_word' id='word_1_209' title='bbox 562 2612 717 2690; x_wconf 87' lang='grc' dir='ltr'>τυραννίδες</span> <span class='ocrx_word' id='word_1_210' title='bbox 734 2617 789 2674; x_wconf 81' lang='grc' dir='ltr'>τῶν</span> <span class='ocrx_word' id='word_1_211' title='bbox 809 2612 960 2692; x_wconf 75' lang='grc' dir='ltr'>ἀνθρώπων</span> 
     </span>
     <span class='ocr_line' id='line_1_30' title="bbox 160 2699 959 2783; baseline 0.004 -24"><span class='ocrx_word' id='word_1_212' title='bbox 160 2699 290 2766; x_wconf 84' lang='grc' dir='ltr'>α’σθενέες</span> <span class='ocrx_word' id='word_1_213' title='bbox 311 2702 447 2780; x_wconf 84' lang='grc' dir='ltr'>χρήμασι,</span> <span class='ocrx_word' id='word_1_214' title='bbox 470 2700 503 2761; x_wconf 80' lang='grc' dir='ltr'>αὖ</span> <span class='ocrx_word' id='word_1_215' title='bbox 523 2705 627 2778; x_wconf 84' lang='grc' dir='ltr'>μοῦνον</span> <span class='ocrx_word' id='word_1_216' title='bbox 648 2700 664 2761; x_wconf 86' lang='grc' dir='ltr'>ό</span> <span class='ocrx_word' id='word_1_217' title='bbox 688 2701 783 2778; x_wconf 80' lang='grc' dir='ltr'>δῆμος·</span> <span class='ocrx_word' id='word_1_218' title='bbox 808 2701 873 2778; x_wconf 76' lang='grc' dir='ltr'>ἡδὲ</span> <span class='ocrx_word' id='word_1_219' title='bbox 889 2701 959 2783; x_wconf 76' lang='grc' dir='ltr'>γυνή</span> 
     </span>
     <span class='ocr_line' id='line_1_31' title="bbox 159 2789 959 2866; baseline 0.004 -18"><span class='ocrx_word' id='word_1_220' title='bbox 159 2793 210 2848; x_wconf 82' lang='grc' dir='ltr'>τοῦ</span> <span class='ocrx_word' id='word_1_221' title='bbox 229 2791 368 2865; x_wconf 85' lang='grc' dir='ltr'>βασιλέος</span> <span class='ocrx_word' id='word_1_222' title='bbox 384 2789 454 2865; x_wconf 73' lang='grc' dir='ltr'>αὐτή</span> <span class='ocrx_word' id='word_1_223' title='bbox 471 2790 507 2850; x_wconf 80' lang='grc' dir='ltr'>τά</span> <span class='ocrx_word' id='word_1_224' title='bbox 527 2791 604 2850; x_wconf 87' lang='grc' dir='ltr'>σιτία</span> <span class='ocrx_word' id='word_1_225' title='bbox 619 2796 680 2866; x_wconf 86' lang='grc' dir='ltr'>σφι</span> <span class='ocrx_word' id='word_1_226' title='bbox 699 2790 812 2849; x_wconf 79' lang='grc' dir='ltr'>ἔπεσσε·</span> <span class='ocrx_word' id='word_1_227' title='bbox 841 2789 910 2854; x_wconf 87' lang='grc' dir='ltr'>ὅκως</span> <span class='ocrx_word' id='word_1_228' title='bbox 929 2792 959 2851; x_wconf 76' lang='grc' dir='ltr'>δὲ</span> 
     </span>
     <span class='ocr_line' id='line_1_32' title="bbox 160 2875 957 2957; baseline 0.003 -22"><span class='ocrx_word' id='word_1_229' title='bbox 160 2875 269 2957; x_wconf 78' lang='grc' dir='ltr'>ὄπτῷτο</span> <span class='ocrx_word' id='word_1_230' title='bbox 289 2878 305 2938; x_wconf 88' lang='grc' dir='ltr'>ό</span> <span class='ocrx_word' id='word_1_231' title='bbox 325 2878 409 2956; x_wconf 78' lang='grc' dir='ltr'>α’ρτος</span> <span class='ocrx_word' id='word_1_232' title='bbox 427 2882 479 2938; x_wconf 83' lang='grc' dir='ltr'>τοῦ</span> <span class='ocrx_word' id='word_1_233' title='bbox 499 2877 598 2940; x_wconf 81' lang='grc' dir='ltr'>παιδός</span> <span class='ocrx_word' id='word_1_234' title='bbox 617 2883 667 2938; x_wconf 84' lang='grc' dir='ltr'>τοῦ</span> <span class='ocrx_word' id='word_1_235' title='bbox 688 2877 771 2949; x_wconf 82' lang='grc' dir='ltr'>θητδς</span> <span class='ocrx_word' id='word_1_236' title='bbox 791 2877 957 2955; x_wconf 90' lang='grc' dir='ltr'>Περδίκκεω,</span> 
     </span>
     <span class='ocr_line' id='line_1_33' title="bbox 161 2962 958 3047; baseline 0.005 -25"><span class='ocrx_word' id='word_1_237' title='bbox 161 2962 310 3040; x_wconf 86' lang='grc' dir='ltr'>διπλήσιος</span> <span class='ocrx_word' id='word_1_238' title='bbox 328 2968 434 3047; x_wconf 80' lang='grc' dir='ltr'>ἐγίνετο</span> <span class='ocrx_word' id='word_1_239' title='bbox 452 2965 535 3030; x_wconf 83' lang='grc' dir='ltr'>οὗτός</span> <span class='ocrx_word' id='word_1_240' title='bbox 552 2969 664 3026; x_wconf 80' lang='grc' dir='ltr'>ἑαυτοῦ·</span> <span class='ocrx_word' id='word_1_241' title='bbox 685 2967 744 3026; x_wconf 86' lang='grc' dir='ltr'>ἐπεὶ</span> <span class='ocrx_word' id='word_1_242' title='bbox 757 2966 787 3025; x_wconf 85' lang='grc' dir='ltr'>δὲ</span> <span class='ocrx_word' id='word_1_243' title='bbox 800 2967 854 3024; x_wconf 78' lang='grc' dir='ltr'>αἰεὶ</span> <span class='ocrx_word' id='word_1_244' title='bbox 871 2965 958 3026; x_wconf 74' lang='grc' dir='ltr'>τώυτό</span> 
     </span>
     <span class='ocr_line' id='line_1_34' title="bbox 160 3051 959 3133; baseline 0.001 -22"><span class='ocrx_word' id='word_1_245' title='bbox 160 3055 244 3112; x_wconf 79' lang='grc' dir='ltr'>τοῦτο</span> <span class='ocrx_word' id='word_1_246' title='bbox 257 3055 369 3133; x_wconf 82' lang='grc' dir='ltr'>ἐγίνετο,</span> <span class='ocrx_word' id='word_1_247' title='bbox 385 3053 446 3114; x_wconf 79' lang='grc' dir='ltr'>εἴτε</span> <span class='ocrx_word' id='word_1_248' title='bbox 463 3051 533 3131; x_wconf 82' lang='grc' dir='ltr'>πρός</span> <span class='ocrx_word' id='word_1_249' title='bbox 548 3054 598 3114; x_wconf 82' lang='grc' dir='ltr'>τόν</span> <span class='ocrx_word' id='word_1_250' title='bbox 615 3052 701 3131; x_wconf 76' lang='grc' dir='ltr'>ἄνδρα</span> <span class='ocrx_word' id='word_1_251' title='bbox 716 3053 766 3113; x_wconf 81' lang='grc' dir='ltr'>τόν</span> <span class='ocrx_word' id='word_1_252' title='bbox 780 3057 888 3129; x_wconf 77' lang='grc' dir='ltr'>ἑωυτῆς·</span> <span class='ocrx_word' id='word_1_253' title='bbox 909 3054 959 3114; x_wconf 78' lang='grc' dir='ltr'>τόν</span> 
     </span>
     <span class='ocr_line' id='line_1_35' title="bbox 160 3139 959 3220; baseline 0.004 -21"><span class='ocrx_word' id='word_1_254' title='bbox 160 3139 190 3199; x_wconf 82' lang='grc' dir='ltr'>δὲ</span> <span class='ocrx_word' id='word_1_255' title='bbox 203 3139 361 3202; x_wconf 76' lang='grc' dir='ltr'>ἀκούσαντα</span> <span class='ocrx_word' id='word_1_256' title='bbox 379 3143 486 3218; x_wconf 77' lang='grc' dir='ltr'>ε’σῆλθε</span> <span class='ocrx_word' id='word_1_257' title='bbox 499 3142 605 3212; x_wconf 76' lang='grc' dir='ltr'>αὐτίκα,</span> <span class='ocrx_word' id='word_1_258' title='bbox 620 3141 655 3205; x_wconf 82' lang='grc' dir='ltr'>ιός</span> <span class='ocrx_word' id='word_1_259' title='bbox 669 3142 711 3217; x_wconf 81' lang='grc' dir='ltr'>εἴη</span> <span class='ocrx_word' id='word_1_260' title='bbox 724 3142 805 3219; x_wconf 89' lang='grc' dir='ltr'>τέρας</span> <span class='ocrx_word' id='word_1_261' title='bbox 818 3142 863 3200; x_wconf 86' lang='grc' dir='ltr'>καὶ</span> <span class='ocrx_word' id='word_1_262' title='bbox 877 3143 959 3220; x_wconf 82' lang='grc' dir='ltr'>φέροι</span> 
     </span>
     <span class='ocr_line' id='line_1_36' title="bbox 161 3229 959 3310; baseline 0.004 -24"><span class='ocrx_word' id='word_1_263' title='bbox 161 3233 187 3292; x_wconf 85' lang='grc' dir='ltr'>ἐς</span> <span class='ocrx_word' id='word_1_264' title='bbox 204 3230 279 3309; x_wconf 86' lang='grc' dir='ltr'>μέγα</span> <span class='ocrx_word' id='word_1_265' title='bbox 291 3255 328 3290; x_wconf 90' lang='grc' dir='ltr'>τι·</span> <span class='ocrx_word' id='word_1_266' title='bbox 350 3232 473 3294; x_wconf 85' lang='grc' dir='ltr'>καλέσας</span> <span class='ocrx_word' id='word_1_267' title='bbox 486 3231 516 3289; x_wconf 84' lang='grc' dir='ltr'>δὲ</span> <span class='ocrx_word' id='word_1_268' title='bbox 529 3231 594 3293; x_wconf 76' lang='grc' dir='ltr'>τούς</span> <span class='ocrx_word' id='word_1_269' title='bbox 607 3231 700 3306; x_wconf 83' lang='grc' dir='ltr'>θῆτας,</span> <span class='ocrx_word' id='word_1_270' title='bbox 714 3229 886 3310; x_wconf 84' lang='grc' dir='ltr'>προηγόρευέ</span> <span class='ocrx_word' id='word_1_271' title='bbox 903 3237 959 3306; x_wconf 86' lang='grc' dir='ltr'>σφι</span> 
     </span>
     <span class='ocr_line' id='line_1_37' title="bbox 158 3317 959 3401; baseline 0.001 -24"><span class='ocrx_word' id='word_1_272' title='bbox 158 3317 402 3385; x_wconf 73' lang='grc' dir='ltr'>ἀπαλλάσσεσθαι</span> <span class='ocrx_word' id='word_1_273' title='bbox 411 3325 442 3380; x_wconf 84' lang='grc' dir='ltr'>ἐκ</span> <span class='ocrx_word' id='word_1_274' title='bbox 454 3323 507 3401; x_wconf 73' lang='grc' dir='ltr'>γῆς</span> <span class='ocrx_word' id='word_1_275' title='bbox 518 3323 569 3394; x_wconf 78' lang='grc' dir='ltr'>τῆς</span> <span class='ocrx_word' id='word_1_276' title='bbox 581 3321 692 3378; x_wconf 74' lang='grc' dir='ltr'>ἑαυτοῦ·</span> <span class='ocrx_word' id='word_1_277' title='bbox 713 3320 740 3376; x_wconf 81' lang='grc' dir='ltr'>οἱ</span> <span class='ocrx_word' id='word_1_278' title='bbox 753 3317 783 3376; x_wconf 82' lang='grc' dir='ltr'>δέ</span> <span class='ocrx_word' id='word_1_279' title='bbox 796 3317 845 3377; x_wconf 80' lang='grc' dir='ltr'>τόν</span> <span class='ocrx_word' id='word_1_280' title='bbox 854 3318 959 3394; x_wconf 83' lang='grc' dir='ltr'>μισθδν</span> 
     </span>
    </p>
   </div>
   <div class='ocr_carea' id='block_1_2' title="bbox 0 0 1136 3534">
    <p class='ocr_par' dir='ltr' id='par_1_5' title="bbox 0 0 1136 3534">
     <span class='ocr_line' id='line_1_38' title="bbox 0 0 1136 3534; baseline 0 0"><span class='ocrx_word' id='word_1_281' title='bbox 0 0 1136 3534; x_wconf 95' lang='lat' dir='ltr'> </span> 
     </span>
    </p>
   </div>
  </div>
 </body>
</html>
