2262 3534
154 181 296 244 ιιι-ιιι]
485 178 638 228 omn.
910 179 957 229 ιιι

155 263 196 339 μή
220 261 249 320 δὲ
275 259 361 369 ὑμέας
384 257 569 334 Ἀλέξανδρος
596 256 612 316 6
639 256 776 316 Μακεδῶν
799 255 956 366 ἀναγνῶση,

157 348 259 428 λεήνας
275 347 325 406 τόν
339 346 507 456 Μαρδονίου
524 342 621 458 λόγρν·
638 343 726 424 τούτῳ
738 347 790 421 μὲν
803 343 857 426 γὰρ
870 351 957 406 ταῦτα

158 436 274 511 ποιητέα
283 436 353 493 ἐστί·
367 459 498 510 τυραννος
506 461 561 514 γαρ
573 433 624 493 ἐῶν
636 432 758 512 τυράννῳ
769 434 957 543 συγκατεργά-

159 521 287 594 ζεται·
270 526 336 598 υμῖν
356 523 387 581 δέ
406 547 439 603 γε
459 521 492 580 οὐ
512 522 636 597 ποιητέα,
661 521 737 597 εἴπερ
759 519 788 578 εὖ
807 522 957 602 τυγχάνετε

160 610 332 688 φρονέοντες,
349 608 599 686 ἐπισταμένοισι
579 635 614 671 ας
629 607 833 686 Bapss6pot66’
821 635 882 668 εστι
896 609 958 668 οὗτε

159 698 262 757 πιστόν
275 724 338 757 ουτε
349 696 451 773 ἀληθὲς
461 695 565 756 ουδέν.”
585 700 672 756 ταῦτα
684 697 819 766 έλεξαν“
794 722 820 755 οι
833 696 958 807 ἄγγελοι.

97 797 148 886 s
200 786 344 861 Ἀθηναῖοι
365 786 395 844 δέ
414 785 484 862 πρός
497 787 548 862 μὲν
560 784 776 860 Ἀλέξανδρον
760 787 939 862 υπεκρίναντο
950 786 1006 844 143

104 837 263 932 τάδε·“
266 874 321 931 “καὶ
345 872 425 932 αυτοὶ
440 873 525 932 τοῦτό
540 899 574 953 γε
593 872 806 948 ἐπιστάμεθα,”
791 901 833 932 οτι
851 878 959 932 πολλα-

161 962 304 1036 πλησίη’
291 962 353 1020 εστὶ
373 988 412 1040 τῳ
398 961 520 1040 Μήδῳ
541 960 698 1038 δύναμις”
680 987 751 1037 ηπερ
777 961 854 1037 ήμῖν·
886 961 958 1020 ῶστε

162 1047 239 1107 οὐδὲν
252 1049 306 1107 δέει
324 1021 407 1108 τοῦτό
420 1076 453 1128 γε
467 1049 617 1120 ὀνειδίζειν·
638 1048 704 1107 ἀλλ’
718 1049 790 1124 ὅμως
805 1050 960 1126 ἐλευθερίης

119 1201 126 1210 ⁸
161 1135 326 1215 γλιχόμενοι
345 1135 521 1213 ἀμυνώμεθα
535 1136 604 1196 οὕτω
618 1135 687 1199 ὅκως
700 1134 734 1195 ἂν
747 1138 793 1195 καὶ
809 1136 959 1212 δυνώμεθα·

162 1221 342 1303 ὁμολογῆσαι
363 1225 392 1282 δὲ
412 1229 451 1303 τῷ
470 1223 610 1304 βαρβάρῳ
631 1224 703 1301 μήτε
720 1224 757 1283 σι)
772 1223 860 1300 ήμέας
876 1227 961 1300 πειρῶ

162 1309 328 1380 ἀναπείθειν,
343 1311 405 1370 οὔτε
415 1312 497 1389 ἡμέες
507 1312 672 1388 πεισόμεθα.
701 1316 749 1371 νῦν
759 1312 787 1370 δὲ
798 1311 961 1392 ἀπάγγελλε

163 1399 320 1478 Μαρδονίῳ,
335 1398 369 1462 ῶς
381 1398 525 1476 Ἀθηναῖοι
534 1401 660 1481 λέγουσι,
676 1398 733 1460 ἐστ’
746 1397 780 1458 ἂν
793 1399 809 1459 6
822 1399 901 1474 ἥλιος
910 1398 962 1474 τήν

163 1485 250 1561 αὑτήν
262 1486 327 1546 όδὸν
340 1487 368 1565 ἴῃ
381 1491 470 1567 τῇπερ
485 1489 530 1546 καὶ
547 1493 595 1548 νῦν
612 1489 728 1567 ἔρχεται,
742 1487 847 1564 μήκοτε
859 1486 962 1563 ὁμολο-

162 1574 262 1654 γήσειν
281 1574 369 1652 η’μέας
389 1577 489 1656 Ξέρξη·
517 1575 593 1635 ἀλλά
615 1575 708 1637 θεοῖσί
732 1601 763 1635 τε
784 1575 962 1654 συμμάχοισι

162 1663 278 1721 πίσυνοί
294 1690 343 1739 μιν
364 1665 491 1740 ἐπέξιμεν
512 1663 678 1741 ἀμυνόμενοι
701 1665 747 1722 καὶ
767 1669 842 1724 τοῖσι
862 1663 961 1741 ἥρωσι·

163 1753 217 1809 τῶν
237 1754 338 1814 ἐκεῖνος
359 1751 488 1830 οὐδεμίαν
510 1751 574 1812 ὅπιν
595 1753 671 1831 έχων,
694 1754 829 1829 ἐνέπρησε
849 1751 913 1815 τούς
932 1777 963 1811 τε

164 1839 254 1901 οἴκους
272 1840 317 1897 καὶ
333 1840 368 1898 τά
387 1840 547 1921 ἀγάλματα.
590 1841 627 1900 σύ
640 1867 670 1900 τε
683 1846 732 1901 τοῦ
746 1845 848 1900 λοιποῦ
861 1841 963 1920 λόγους

164 1925 232 2005 έχων
242 1927 370 1986 τοιούσδε
379 1928 419 2038 μή
431 1929 576 2003 ἐπιφαίνεο
586 1928 769 2003 Ἀθηναίοισι,
780 1929 850 2004 μηδὲ
863 1929 964 1986 δοκέων

162 2013 275 2118 χρηστά
295 2014 457 2094 ῶπουργέειν
481 2015 621 2091 ἀθέμιστα
648 2016 734 2092 ἔρδειν
761 2017 899 2092 παραίνεε·
930 2014 963 2072 οὔ

163 2101 217 2176 γάρ
244 2127 279 2159 σε
304 2101 470 2178 βουλόμεθα
498 2101 624 2160 ουδέν
606 2128 690 2212 αχαρι
716 2103 786 2178 πρὸς
811 2101 963 2176 Ἀθηναίων
1019 2118 1071 2196 s„

163 2188 329 2261 παθέειν,’
300 2213 381 2248 εοντα
393 2188 538 2266 πρόξεινόν
550 2215 581 2248 τε
596 2215 641 2247 και
631 2187 768 2265 φίλον.
803 2189 926 2265 Πρός
893 2214 943 2265 μεν
954 2191 1011 2249 144

163 2272 348 2350 Ἀλέξανδρον
363 2279 450 2334 ταῦτα
467 2275 657 2353 ὑπεκρίναντο·
682 2275 804 2352 πρδςδέ
792 2275 888 2339 ετοῦς
908 2275 964 2334 ἀπό

165 2362 295 2438 Σπάρτης
304 2362 442 2443 ἀγγέλους
451 2362 525 2422 τάδε·
548 2374 565 2399 “
574 2363 607 2423 τό
621 2367 673 2440 μὲν
687 2364 778 2424 δεῖσαι
792 2363 963 2440 Λακεδαιμο·

164 2451 237 2512 νίους
252 2449 292 2526 μή
311 2449 533 2532 ὁμολογήσωμεν
546 2456 585 2531 τῷ
596 2451 745 2531 βαρβάρῳ,
761 2451 848 2529 κάρτα
862 2451 964 2528 ἀνθρω-

164 2537 246 2612 πήῖον
266 2536 310 2612 ἦν·
338 2537 408 2616 ἀτάρ
429 2543 552 2618 αἰσχρῶς
571 2565 604 2620 γε
626 2541 726 2616 οἴκατε,
752 2539 962 2616 ἐξεπιστάμενοι

163 2630 218 2684 τῶν
237 2625 391 2702 Ἀθηναίων
411 2627 444 2687 τό
467 2627 607 2706 φρόνημα,
631 2627 799 2705 ἀρρωδῆσαι·
831 2627 874 2687 ὅτι
901 2627 964 2687 οὔτε

163 2713 268 2791 χρυσός
282 2721 343 2775 ἐστι
355 2720 408 2796 γῆς
429 2715 563 2792 οὐδαμόθι
581 2721 715 2779 τοσοῦτος
729 2715 792 2776 οὔτε
805 2716 882 2794 χάρη
897 2717 962 2774 κόλ-

163 2805 209 2860 λεῖ
222 2803 267 2860 καὶ
281 2802 365 2882 ἀρετῇ
378 2805 452 2885 μέγα
463 2804 670 2882 ν’περφέρουσα,
681 2804 716 2863 τά
730 2803 809 2882 ήμεῖς
819 2803 963 2879 δεξάμενοι

164 2890 308 2967 ἐθέλοιμεν
318 2891 352 2952 ἂν
361 2893 528 2968 ’μηδίσαντες
540 2893 750 2952 καταδουλῶσαι
763 2891 814 2967 τήν
826 2889 962 2949 Ἑλλάδα·

164 2979 260 3036 πολλιί
270 3004 301 3037 τε
310 2979 365 3059 γάρ
376 2981 421 3038 καὶ
431 2980 542 3061 μεγάλα
554 2982 614 3040 ἐστὶ
627 2980 663 3039 τά
676 2978 864 3038 διακωλύοντα
876 2981 963 3036 ταῦτα

163 3064 204 3141 μή
221 3066 331 3137 ποιέειν,
348 3067 411 3143 μηδ’
433 3067 467 3144 ἢν
489 3068 636 3144 ἐθέλωμεν·
660 3071 757 3145 πρῶτα
778 3068 830 3142 μὲν
851 3065 896 3122 καὶ
915 3065 963 3140 μέ-

163 3178 258 3233 γιστα,
285 3158 340 3214 τῶν
367 3157 436 3215 θεῶν
461 3155 497 3215 τά
523 3155 674 3236 ἀγάλματα
702 3156 747 3213 καὶ
768 3153 803 3213 τά
827 3152 963 3228 οἰκήματα

164 3244 384 3320 ἐμπεπρησμένα
405 3271 435 3304 τε
458 3245 503 3302 καὶ
525 3246 753 3324 σιγκεχωσμένα·
782 3245 859 3301 τοῖσι
876 3240 963 3318 ήμέας

163 3329 318 3411 ἀναγκαίως
338 3331 395 3410 ἔχει
415 3331 558 3408 τιμωρέειν
584 3336 611 3393 ἐς
636 3331 672 3390 τοὶ
698 3331 820 3409 μέγιστα
841 3333 961 3406 μᾶλλον,
