2268 3536
175 157 205 200 ιι
480 153 662 200 ἩΡοΔοοοτ
925 153 971 219 [v.

175 231 396 307 ἀσφαλέστατον
431 231 679 307 καταστησάμενος
712 237 767 292 τῶν
793 232 972 314 πρηγμάτων,

175 320 317 380 κάλλιστα
330 321 381 395 τῆν
394 320 479 380 πόλιν
495 320 689 397 ἐπιτροπεύοι;
718 320 924 397 Θρασύβουλος
945 323 973 382 δέ

174 408 224 468 τόν
246 408 364 468 ἐλθόντα
386 408 462 485 παρά
486 413 536 468 τοῦ
559 409 731 484 Περιάνδρου
753 410 834 489 ἐξῆγε
857 411 907 478 ἔξω
924 415 973 470 τοῦ

175 496 284 561 άστεος
307 498 398 574 ἐσβάς
420 498 449 556 δὲ
471 503 497 560 ἐς
519 496 639 574 ἄρουραν
660 499 845 573 ἐσπαρμένην,
865 496 924 574 ἅμα
944 525 974 557 τε

177 585 276 661 διεξήϊε
297 586 330 646 τό
353 586 442 662 λήϊον,
459 590 610 663 ἐπειρωτῶν
624 611 655 644 τε
673 585 718 642 καὶ
735 584 904 656 ἀναποδίζων
924 586 974 646 τόν

176 673 280 750 κήρυκα
302 675 372 734 κατά
391 674 442 749 τῆν
456 673 511 732 οἷπό
527 674 666 750 Κορίνθου
680 672 782 742 ἄπιξιν,
797 674 843 732 καὶ
862 674 974 733 ἐκόλουε

176 763 228 824 αἰεὶ
250 762 319 826 ὅκως
336 762 398 823 τινά
418 763 471 822 ἴδοι
493 767 547 822 τῶν
565 760 713 841 ἀσταχύων
727 762 907 840 ὑπερέχοντα·
930 789 973 822 κο-

176 851 267 912 λούων
283 852 320 921 δὲ,
336 853 454 929 ἔρριπτε·
477 857 504 914 ἐς
517 851 533 910 δ
546 855 596 910 τοὺ
615 852 697 926 ληΐου
714 850 747 910 τό
768 851 924 911 κάλλιστόν
943 879 974 911 τε

177 939 223 998 καὶ
238 939 399 1015 βαθύτατον
420 940 558 1016 διέφθειρε
576 938 669 1018 τρόπῳ
682 937 806 1018 τοιούτῳ·
828 939 974 1008 διεξελθιὺν

179 1027 208 1086 δέ
220 1027 253 1087 τό
267 1029 368 1106 χωρίον
385 1028 431 1086 καὶ
444 1027 614 1103 ὑποθέμενος
628 1028 692 1089 ἔπος
711 1026 796 1097 οὑδέν,
812 1027 974 1104 ἀποπέμπει

178 1114 227 1176 τόν
246 1116 359 1193 κήρυκα.
402 1115 592 1191 νοστήσαντος
616 1115 645 1174 δέ
666 1120 716 1174 τοῦ
737 1115 854 1193 κήρυκος
875 1121 903 1179 ἐς
922 1115 974 1192 τῆν

178 1205 324 1282 Κόρινθον,
339 1203 377 1280 ῆν
394 1203 536 1282 πρόθυμος
549 1204 739 1264 πυνθάνεσθαι
759 1205 810 1280 τήν
830 1203 973 1280 ὑποθήκην

178 1291 193 1351 ό
208 1293 385 1370 Περίανδρος·
407 1292 422 1353 ό
437 1293 466 1350 δέ
480 1291 557 1352 οὐδέν
571 1296 598 1351 οἱ
611 1294 666 1368 ἔφη
680 1293 887 1370 Θρασύβουλον
906 1293 973 1351 ὑπο-

180 1381 288 1442 θέσθαι·
304 1381 439 1458 θωμάζειν
451 1407 482 1440 τε
496 1380 589 1450 αὑτοῦ,
599 1380 664 1456 παρ’
675 1379 733 1439 οἶόν
746 1407 794 1456 μιν
807 1379 892 1456 ἄνδρα
905 1379 972 1438 όπο-

178 1470 305 1547 πέμψειε,
320 1469 355 1532 ὥς
368 1468 543 1549 παραπλῆγά
558 1496 589 1528 τε
604 1470 649 1528 καὶ
662 1473 715 1527 τῶν
730 1471 829 1526 ἑωυτοῦ
851 1466 971 1542 σινάμω-

176 1584 235 1634 ρον·
257 1557 445 1639 ἀπηγεόμενος
458 1556 545 1634 τάπερ
556 1557 626 1633 πρός
633 1555 840 1632 Θρασυβούλου
854 1553 971 1614 ὀπώπεε.

179 1646 348 1723 Περίανδρος
369 1645 397 1704 δὲ
419 1647 521 1709 συνιεὶς
542 1645 575 1705 τὺ
598 1645 720 1718 ποιηθὲν,
743 1644 789 1701 καὶ
811 1642 863 1722 νόῳ
885 1644 973 1722 ἴσχων

179 1732 214 1797 τίς
233 1737 259 1792 οἱ
272 1733 415 1794 ὑπετίθετο
430 1733 636 1810 Θρασύβουλος
655 1730 719 1794 τοὺς
739 1729 901 1809 ὑπειρόχους
918 1735 973 1792 τῶν

178 1821 271 1882 οἰστῶν
293 1821 425 1897 φονεύειν,
451 1822 569 1880 ἐνθαῦτα
591 1820 625 1895 δή
646 1824 742 1880 πᾶσαν
769 1819 905 1895 κακότητα
932 1822 972 1890 ἐξ·

180 1911 275 1986 έφαινε
297 1916 323 1974 ἐς
344 1910 408 1973 τοὺς
426 1909 572 1984 πολιήτας.
614 1907 670 1968 ὅσα
690 1908 746 1990 γάρ
768 1908 900 1986 Κύψελος
921 1908 972 1967 άπ-

179 2000 257 2058 έλιπε
271 2000 381 2060 κτείνων
399 2025 429 2058 τε
450 1999 496 2058 καὶ
510 1997 620 2067 διιύκων,
635 1997 805 2074 Περίανδρός
825 2004 902 2072 σφεα
921 1996 971 2056 άπ-

178 2089 300 2148 ετέλεσε.
341 2091 392 2165 μιῇ
413 2087 441 2145 δέ
459 2085 549 2162 ῆμέρῃ
568 2085 690 2144 ἀπέδυσε
703 2084 798 2148 πάσας
810 2085 860 2147 τάς
874 2087 972 2161 Κοριν·

175 2177 243 2237 ’θίων
262 2181 400 2258 γυναῖκας,
423 2174 468 2234 διά
486 2174 538 2250 τῆν
557 2177 656 2232 ἑωυτοῦ
676 2177 794 2253 γυναῖκα
810 2174 972 2232 Μέλισσαν·

177 2266 319 2344 πέμψαντι
331 2263 385 2344 γάρ
400 2267 425 2322 οἱ
440 2267 467 2324 ἐς
477 2261 662 2337 Θεσπρωτούς
672 2260 713 2320 ἐπ’
723 2259 876 2339 Ἀχέροντα
889 2287 973 2319 ποτα-

176 2354 231 2429 μόν
246 2353 383 2434 ἀγγέλους
402 2351 447 2408 ἐπὶ
460 2350 493 2408 τό
507 2349 721 2424 νεκυομαντήῖον
741 2347 974 2426 παρακαταθήκης

177 2443 240 2517 πέρι
260 2442 384 2514 ξεινικῆς,
401 2437 463 2497 οὑτε
482 2438 631 2512 σημανέειν
650 2438 704 2512 ἔφη
720 2437 739 2513 ῆ
758 2438 897 2496 Μέλισσα
917 2442 973 2496 ἐπι-

178 2533 309 2604 φανεῖσα,
324 2527 385 2586 ούτε
399 2525 535 2601 κατερέειν
549 2528 628 2602 ἐντῷ
642 2526 731 2584 κέεται
751 2525 831 2604 χοίρῳ
848 2524 866 2599 ῆ
886 2551 974 2604 παρα-

178 2615 329 2691 καταθήκη·
351 2617 447 2694 ῥιγοῦν
460 2639 490 2672 τε
503 2611 558 2693 γάρ
580 2612 626 2670 καὶ
641 2612 710 2671 εἶναι
723 2613 823 2693 γυμνή·
844 2617 899 2672 τῶν
919 2613 974 2693 γάρ

177 2709 204 2764 οἱ
223 2704 418 2785 συγκατέθαψε
437 2701 553 2777 εἱμάτων
567 2699 672 2775 ὄφελος
686 2701 754 2760 εἶναι
775 2701 860 2771 οὐδὲν,
875 2699 907 2759 οὑ
928 2727 974 2760 κα-

177 2792 376 2852 τακαυθέντων·
389 2789 540 2868 μαρτύριον
551 2789 582 2847 δέ
595 2792 621 2848 οἱ
636 2789 704 2848 εἶναι
719 2788 754 2852 ιὺς
768 2788 875 2864 ἀληθέα
888 2794 975 2848 ταῦτα

177 2881 263 2962 λέγει,
282 2879 326 2940 ὅτι
349 2880 394 2939 ἐπὶ
416 2877 524 2958 ψυχρόν
544 2877 593 2936 τόν
618 2877 697 2936 ίπνόν
720 2877 890 2953 Περίανδρος
911 2877 974 2939 τοὺς

177 2966 277 3046 ἄρτους
303 2970 437 3046 ἐπέβαλε.
477 2970 565 3026 ταῦτα
586 2966 616 3023 δὲ
639 2965 672 3028 ὠς
695 2965 786 3024 ὀπίσω
808 2965 975 3045 ἀπηγγέλθη

177 3062 215 3137 τῷ
232 3057 399 3136 Περιάνδρῳ,
414 3054 529 3134 (πιστόν
549 3052 604 3132 γάρ
628 3057 654 3111 οἱ
674 3053 709 3128 ῆν
730 3053 762 3111 τό
785 3053 974 3129 συμβόλαιον,

178 3146 209 3208 ὃς
222 3151 306 3224 νεκρῷ
327 3145 412 3222 ἐούσῃ
426 3143 563 3218 Μελίσσῃ
584 3142 688 3220 ἐμίγη)
703 3142 779 3204 ἰθέως
793 3141 825 3216 δῆ
840 3140 911 3217 μετὰ
924 3141 977 3213 τῆν

179 3233 313 3313 ἀγγελίην
330 3233 456 3310 κήρυγμα
478 3227 639 3302 ἐποιήσατο,
654 3234 681 3291 ἐς
694 3229 727 3288 τό
740 3228 857 3305 Ἡραῖον
876 3227 977 3294 ἐξιέναι

178 3320 272 3384 πάσας
287 3321 336 3382 τοὶς
357 3316 511 3394 Κορινθίων
529 3319 669 3394 γυναῖκας.
711 3320 739 3374 αἱ
760 3319 813 3392 μὲν
833 3313 876 3388 δή,
893 3311 929 3374 οἷς
950 3316 978 3376 ἐς
