2276 3538
171 177 279 242 ιιι-τι]
500 175 686 224 nomam.
925 174 970 221 ιιι

170 259 254 318 Ἰνδοὶ
269 260 438 336 ἐσεσάχατο,
452 255 662 334 προμετωπίδια
682 255 712 314 δέ
733 254 823 314 ἵππων
838 252 914 332 εἶχον
928 253 973 311 ἐπὶ

169 351 238 424 τῇσι
252 350 395 424 κεφαλῇσι
409 345 463 405 σύν
475 371 506 404 τε
519 348 596 404 τοῖσι
609 341 662 402 ῶσὶ
676 341 859 418 ἐκδεδαρμένα
872 342 918 399 καὶ
937 345 974 420 τῇ

171 439 271 514 λοφιῇ·
293 435 339 492 καὶ
352 432 412 493 άντὶ
425 436 477 510 μὲν
490 431 585 508 λόφου
598 432 617 507 ἡ
632 430 721 505 λοφιῇ
737 431 867 507 κατέχρα·
888 429 924 488 τά
945 429 975 488 δὲ

172 523 227 583 ῶτα
244 527 299 584 τῶν
321 523 411 582 ἵππων
430 521 500 598 ὀρθά
513 519 660 601 πεπηγότα
674 518 759 596 εἶχον·
781 517 974 593 προβλήματα

170 612 200 672 δέ
219 611 277 672 ἄντ’
291 609 417 670 άσπίδων
439 613 581 668 ἐποιεῦντο
594 606 717 688 γεράνων
732 604 824 683 δοράς.
866 606 971 680 Λίβυες
982 607 1018 665 71

170 701 200 759 δέ
221 699 325 774 σκευῇν
345 701 397 775 μὲν
419 697 551 772 σκυτίνην
572 694 659 772 ἦϊσαν
681 695 798 773 ἔχοντες,
818 692 972 752 α’κοντίοισι

171 789 200 847 δὲ
224 787 399 847 ἐπικαύτοισι
423 784 585 863 χρεόμενοι·
610 781 733 861 άρχοντα
754 781 784 840 δὲ
807 781 973 859 παρείχοντο

172 875 337 955 Μασσάγην
357 873 407 933 τόν
427 873 567 950 Ὀαρίζου.
610 869 801 951 Παφλαγόνες
822 869 852 928 δέ
874 869 1020 945 &arpa-72

170 963 284 1023 τεύοντο
304 963 350 1020 ἐπὶ
370 964 422 1036 μέν
441 965 509 1038 τῇσι
531 962 676 1035 κεφαλῇσι
692 959 800 1036 ἔχοντες
814 956 914 1034 κράνεα
927 983 974 1015 πε·
1007 958 1012 980 ¹

170 1051 323 1132 πλεγμένα,
338 1048 460 1110 α’σπιδας
478 1049 508 1106 δέ
526 1047 655 1123 σμικράς,
670 1044 773 1123 αἰχμάς
787 1045 816 1103 δέ
837 1043 869 1103 οῦ
888 1044 973 1124 μεγά-

171 1141 234 1200 λας·
255 1137 326 1213 πρός
343 1137 381 1205 δέ,
396 1134 510 1195 α’κόντια
532 1134 577 1192 καὶ
599 1133 757 1212 ἐγχειρίδια·
779 1133 843 1208 περὶ
861 1132 891 1190 δὲ
910 1132 974 1194 τοῦς

171 1224 267 1293 πόδας,
288 1223 392 1282 πέδιλα
416 1222 551 1300 ἐπιχώρια
575 1225 602 1282 ἐς
624 1221 716 1296 μέσην
740 1219 847 1295 κνήμην
869 1218 974 1278 άνατεί-

171 1338 265 1371 νοντα.
305 1311 409 1391 Λίγυες
422 1309 452 1368 δέ
466 1310 512 1367 καὶ
526 1308 666 1382 Ματιηνοὶ
680 1307 725 1364 καὶ
739 1306 930 1382 Μαριανδυνοί
940 1332 971 1365 τε

172 1401 218 1458 καὶ
232 1398 317 1476 Σύροι
336 1396 388 1473 τῇν
409 1395 495 1472 αύτῇν
511 1396 621 1474 ἔχοντες
634 1393 813 1473 Παφλαγόσι
828 1393 972 1470 ἐστρατεύ-

172 1513 246 1548 οντο·
268 1489 295 1546 οἱ
315 1485 345 1545 δὲ
359 1483 443 1562 Σύροι
463 1481 541 1543 οῦτοι
560 1481 616 1542 ύπό
636 1482 769 1558 Περσέων
784 1481 973 1540 Καππαδόκαι

173 1576 329 1634 καλέονται·
351 1571 552 1653 Παφλαγόνων
564 1570 616 1648 μέν
629 1597 677 1630 νυν
691 1571 737 1630 καὶ
751 1573 901 1646 Ματιηνῶν
912 1573 972 1628 Δῶ-

172 1663 250 1724 ταςὸ
272 1661 454 1743 Μεγασίδρου
475 1658 555 1738 ἦρχε·
577 1659 777 1736 Μαριανδυνῶν
801 1658 830 1717 δέ
855 1658 900 1716 καὶ
924 1665 972 1716 Λι-

172 1750 246 1826 γύων
263 1752 309 1809 καὶ
326 1749 426 1826 Σύρων.
438 1747 573 1824 Γωβρύης
594 1747 610 1806 ό
625 1747 746 1823 Δαρείου
764 1771 794 1806 τε
816 1747 861 1805 καὶ
877 1745 972 1824 Ἀρτυ-

99 1835 102 1839 ’
174 1837 289 1914 σπάνης.
331 1835 437 1916 Φρύγες
458 1835 488 1894 δέ
510 1834 656 1915 ἀγχοτάτω
677 1839 727 1910 τῆς
749 1838 971 1913 Παφλαγονικῆς
982 1833 1021 1894 73

173 1925 276 2000 σκευὴν
289 1925 373 2003 εἶχον,
382 1924 481 2004 ὀλίγον
494 1921 757 2002 παραλλάσσοντες·
773 1925 800 1981 οἱ
813 1922 843 1980 δέ
856 1921 971 2001 Φρύγες,

173 2011 209 2074 ῶς
232 2012 392 2075 Μακεδόνες
417 2011 543 2090 λέγουσι,
571 2010 718 2068 ἐκαλέοντο
746 2010 846 2089 Βρίγες
871 2008 974 2085 χρόνον

174 2099 243 2160 ὅσον
266 2099 425 2177 Εύρωπῇῖαι
451 2097 542 2160 ἐόντες
568 2097 692 2156 σύνοικοι
718 2096 792 2172 ἦσαν
816 2095 972 2154 Μακεδόσι·

173 2185 394 2264 μεταβάντεςδέ
415 2192 442 2250 ἐς
461 2185 513 2261 τῇν
532 2185 641 2260 Ἀσίην,
656 2182 715 2259 ἅμα
727 2187 763 2260 τῇ
775 2182 853 2261 χαίρῃ
874 2183 919 2240 καὶ
939 2182 972 2242 τῦ
1008 2225 1010 2230 ,

174 2274 279 2350 οὔνομα
296 2273 457 2350 μετέβαλον
475 2279 502 2336 ἐς
519 2272 637 2352 Φρύγας.
680 2269 820 2347 Ἀρμένιοι
840 2270 870 2328 δὲ
890 2270 970 2329 κατά-

174 2386 227 2437 περ
237 2361 343 2440 Φρίνγες
354 2361 521 2439 ἐσεσάχατο,
536 2360 626 2422 ἐόντες
633 2362 748 2439 Φρυγῶν
762 2357 881 2418 ἄποικοι.
908 2358 971 2417 τού-

174 2473 228 2506 των
249 2450 468 2524 συναμφοτέρων
488 2448 557 2526 ἦρχε
578 2447 744 2525 Ἀρτόχμης,
763 2448 882 2522 Δαρείου
904 2448 973 2526 ἔχων

175 2535 322 2617 θυγατέρα,
365 2535 451 2594 Λυδοὶ
469 2536 498 2594 δὲ
518 2534 664 2615 α’γχοτάτω
677 2539 731 2594 τῶν
742 2533 916 2611 Ἑλληνικῶν
937 2535 971 2594 εἶ·
982 2537 1018 2594 74

174 2651 227 2702 χον
244 2624 330 2684 ὅπλα·
351 2623 391 2705 (αἱ
411 2624 441 2683 δὲ
453 2623 539 2682 Λυδοὶ
559 2623 679 2698 Μηίονες
700 2627 849 2683 ἐκαλεῦντο
867 2623 900 2683 τδ
920 2623 971 2682 πά-

174 2717 233 2770 λαι·
254 2713 300 2772 ἐπὶ
313 2713 343 2772 δέ
356 2712 448 2771 Λυδοῦ
461 2715 511 2770 τοῦ
527 2710 629 2773 Ἀτυος
643 2712 728 2790 ἐσχον
743 2712 794 2788 τῇν
808 2713 971 2788 ἐπωνυμίην,

174 2801 384 2876 μεταβαλόντες
404 2799 438 2860 τῦ
456 2797 581 2877 οὕνομα)
603 2800 701 2858 Μυσοὶ
722 2799 752 2858 δέ
769 2801 815 2858 ἐπὶ
832 2802 884 2877 μέν
903 2803 972 2878 τῇσι

175 2893 320 2966 κεφαλῇσι
339 2888 415 2966 εἶχον
436 2886 536 2963 κράνεα
558 2885 700 2965 ἐπιχώρια,
716 2887 837 2951 αἰσπιδας
858 2888 887 2946 δὲ
907 2913 971 2963 σμι-

176 2974 252 3051 κράς·
273 2976 428 3035 α’κοντίοισι
441 2975 470 3033 δέ
484 2975 618 3052 ἐχρέωντο
632 2975 814 3034 ἐπικαύτοισι·
835 2973 924 3054 (οὗτοι
943 2975 974 3033 δέ

175 3068 232 3123 εἶσι
244 3063 342 3124 Λυδῶν
362 3061 482 3122 άποικοι·
503 3061 550 3120 ἀπ’
565 3061 721 3139 Οὐλύμπου
737 3063 767 3122 δέ
785 3062 879 3140 οῦρεας
893 3064 972 3120 καλέ-

175 3177 253 3212 ονται
262 3152 477 3230 ούλυμπιηνοί·)
492 3149 588 3209 Λυδῶν
602 3151 631 3208 δὲ
646 3153 691 3208 καὶ
705 3155 813 3209 Μυσῶν
826 3149 896 3226 ἦρχε
908 3149 972 3226 Ἀρ·

175 3242 315 3320 ταφέρνης
327 3241 342 3300 ό
355 3240 566 3316 Ἀρταφέρνεος,
582 3239 611 3300 ῦς
625 3245 652 3300 ἐς
667 3239 827 3312 Μαραθῶνα
848 3239 973 3314 ἐσέβαλε

177 3325 237 3402 ἅμα
247 3328 329 3390 Δάτι.
358 3325 475 3404 Θρήϊκες
489 3325 526 3394 δέ,
542 3327 585 3382 ἐπὶ
599 3329 650 3400 μὲν
664 3330 730 3401 τῇσι
745 3328 888 3402 κεφαλῇσι
902 3324 971 3383 ἅλω·
982 3327 1019 3386 75
